2280 3626
252 203 353 252 [27⁷]
860 217 1180 246 mamm-uu
1199 215 1380 243 comeum
1911 198 1967 242 73

299 347 357 351 “-’
421 335 426 337 ’
535 320 537 322 ’
926 341 1305 386 PHILONIDES.

1095 428 1132 469 1.

252 502 359 561 περὶ
388 499 426 546 δ’
458 500 515 545 ὧν
547 501 594 546 ςὺ
625 500 782 557 λέγεις,
817 500 959 556 λόγος
989 498 1101 543 ε’ςτῐν
1132 497 1224 554 ἐμοὶ
1243 499 1365 555 πρὸς
1398 494 1650 550 Ἀθηναίους
1669 497 1781 542 κατὰ
1802 499 1965 558 χειρός,

253 574 305 620 ὃν
334 573 421 630 ἐγὼ
451 569 646 628 λογιοῦμ’
680 569 737 624 ἐξ
769 570 983 619 ἀτελείας,
1015 573 1077 628 τῷ
1107 567 1220 629 δήμῳ
1251 566 1289 613 δ’
1322 566 1445 613 οὐδὲν
1476 569 1640 613 ἀνοίςω.

395 654 519 698 Phot.
549 653 691 698 Berol.
728 654 824 709 143,
858 655 903 696 9:
939 653 1102 698 ἀνοίςω“
1134 655 1373 709 λογιοῦμαι,
1405 652 1481 696 ἐπὶ
1509 651 1683 710 ψήφου.
1713 652 1799 697 ἕςτι
1830 651 1890 709 δέ,
1911 655 1969 698 ὡς

253 726 380 778 δοκεῖ,
415 726 632 772 ἰδιωτικόν.
679 723 997 778 Φιλωνίδης
1028 722 1367 781 Κοθόρνοις·
1410 724 1558 781 ,περὶ
1597 721 1636 768 δ’
1668 722 1735 768 ὧν
1765 722 1874 768 κτλ.’
1909 749 1964 754 -

253 797 417 857 Phryn.
448 799 519 851 49,
542 798 565 840 7
594 797 732 839 Bort.:
765 797 934 842 ἀνοίςω·
960 796 1057 840 ἀντὶ
1085 799 1166 840 τοῦ
1194 797 1433 852 λογιοῦμαι·
1457 795 1534 839 ἐπὶ
1550 794 1724 854 ψήφου.
1748 794 1837 838 Ofr.
1861 795 1968 854 Lys.

255 870 325 924 30,
356 870 402 913 5:
430 873 510 923 τῆς
540 872 681 914 αὐτῶν
711 870 854 929 ἀρχῆς
881 867 994 912 κατὰ
1015 867 1281 925 πρυτανείαν
1310 867 1451 923 λόγον
1481 867 1754 925 ἀναφέρουσι.
1790 865 1965 909 Diodor.

257 941 326 999 15,
357 942 431 984 41:
473 941 580 999 περὶ
618 940 798 985 πάντων
843 939 1107 997 ἀναφέρουσι
1137 941 1198 997 τῷ
1237 935 1416 993 βαςιλεΐ.
1449 963 1508 967 -
1538 937 1665 980 Dem.
1698 938 1767 991 59,
1805 938 1879 981 39:
1912 940 1970 983 ὡς

256 1011 313 1068 ἐξ
340 1013 541 1058 ἀτελείας
571 1011 684 1066 ἕξων
714 1011 850 1064 καλὴν
884 1011 1073 1068 ἑταίραν.
1096 1034 1145 1039 --
1165 1007 1329 1051 Polluc.
1360 1008 1440 1064 IV,
1469 1009 1545 1051 46:
1577 1011 1655 1054 οὐκ
1685 1008 1741 1063 ἐξ
1770 1011 1970 1055 ἀτελειας

255 1082 423 1141 μαθεῖν·
456 1086 534 1129 οὐκ
563 1081 712 1140 ἀμιςὸῖ
751 1080 923 1139 μαθεῖν.
956 1106 1014 1112 —
1047 1081 1143 1122 Non
1175 1095 1199 1122 e
1230 1080 1445 1136 parabasi7
1486 1087 1533 1122 ut
1563 1080 1857 1123 Reitzenstein
1890 1096 1968 1138 pu-

255 1162 331 1208 tat,
362 1154 439 1198 sed
470 1170 527 1197 ex
558 1169 696 1210 agone
727 1153 839 1196 haec
872 1159 1046 1210 sumpta
1078 1158 1120 1194 et
1149 1152 1415 1195 Therameni
1444 1152 1595 1194 eiusve
1617 1150 1871 1194 adversario
1892 1152 1966 1194 tri-

256 1226 432 1270 buenda
452 1241 548 1270 esse
570 1225 854 1283 probabiliter
876 1224 1122 1281 suspicatur
1143 1224 1307 1266 Koerte
1323 1223 1462 1278 (Burs.
1478 1222 1505 1265 J
1508 1222 1678 1265 abresb.
1705 1224 1831 1280 1911,
1852 1223 1970 1278 251).

401 1296 493 1333 κατὰ
516 1297 642 1346 χειρός
666 1295 700 1342 b]
727 1295 821 1332 κατὰ
846 1299 974 1344 χεῖρας
999 1300 1064 1332 aut
1078 1299 1184 1343 χεῖρα
1201 1293 1260 1340 (=
1275 1296 1314 1330 in
1330 1293 1519 1342 promptu)
1537 1295 1642 1331 malit
1657 1296 1774 1331 Reitz.
1795 1295 1842 1342 (p.
1859 1294 1969 1342 XIX)

258 1362 296 1394 ot
329 1358 523 1395 Herwerd.
559 1357 707 1403 BphW.
734 1356 841 1402 1907,
867 1355 957 1397 286;
996 1356 1061 1391 sed
1097 1355 1293 1391 lectionem
1331 1354 1470 1390 codicis
1506 1355 1586 1390 iure
1623 1358 1749 1390 tuetur
1784 1355 1969 1392 Leeuwen

256 1417 404 1458 (Mnem.
430 1430 465 1452 n.
491 1415 549 1462 35,
575 1414 661 1462 269)
687 1417 822 1452 collato
851 1415 1024 1451 Pherocr.
1049 1415 1095 1450 fr.
1122 1412 1202 1460 146,
1228 1413 1251 1448 5
1275 1415 1329 1450 K:
1356 1411 1449 1448 κατὰ
1465 1412 1591 1462 χειρὸς
1609 1410 1648 1455 ἦν
1670 1411 1832 1461 (praesto
1850 1413 1969 1459 fuere)

257 1474 306 1511 τὰ
327 1473 511 1522 πράγματ’
530 1473 785 1521 ἐνθυμουμένῳ.
805 1494 846 1500 -
869 1472 961 1510 κατὰ
986 1473 1112 1523 χειρὸς
1129 1475 1302 1510 dicuntur
1318 1485 1414 1520 quae
1437 1485 1513 1509 una
1528 1485 1621 1510 voce
1636 1472 1818 1522 πρόχειρα
1835 1485 1970 1510 vocan-

258 1540 330 1572 tur.
355 1535 411 1572 Cf.
436 1536 547 1572 etiam
565 1536 700 1572 Toleel.
726 1535 772 1571 fi·-
799 1534 831 1580 1,
858 1534 880 1569 2
907 1535 962 1571 K:
989 1532 1105 1579 εἰρήνη
1130 1532 1191 1578 μὲν
1214 1535 1362 1578 πρῶτον
1386 1531 1555 1568 ἁπάντων
1572 1529 1611 1574 ἦν
1627 1531 1745 1578 ὥςπερ
1763 1531 1856 1579 ὕδωρ
1875 1531 1969 1568 κατὰ

254 1593 379 1644 χειρός
403 1593 571 1642 („pax...
598 1598 747 1641 praesto
773 1599 864 1630 tune
890 1598 972 1630 erat
997 1605 1143 1640 semper
1167 1593 1276 1629 sicuti
1301 1604 1398 1639 aqua
1422 1593 1470 1628 ad
1494 1591 1741 1638 lavandum“)‚
1769 1593 1872 1629 alios.

1098 1688 1135 1729 2.

833 1758 954 1818 ἀθήρ
986 1785 1041 1790 —
1074 1757 1388 1817 ἀθηρηλοιγόν.

400 1844 523 1888 Phot.
556 1843 694 1887 Berol.
726 1844 797 1898 41,
833 1844 874 1886 7:
910 1841 1046 1901 ἀθήρ·
1080 1844 1105 1896 ἡ
1137 1842 1246 1899 ἀκμὴ
1277 1846 1358 1887 τοῦ
1387 1842 1645 1898 ἠκονημένου
1665 1840 1836 1900 ςιδήρου
1857 1841 1969 1886 κατὰ

257 1915 516 1975 μεταφορὰν
547 1919 594 1960 ἐκ
622 1919 704 1960 τοῦ
735 1913 918 1973 ἀθέρος,
951 1916 1003 1959 ὅς
1033 1917 1120 1959 ε’ςτι
1150 1917 1230 1958 τοῦ
1262 1912 1452 1973 ςτάχυος
1478 1915 1533 1958 τὸ
1554 1911 1690 1971 ἀκρον
1710 1914 1779 1958 καὶ
1798 1915 1969 1958 λεπτό-

258 2005 409 2037 τατον,
442 1985 522 2045 ἀφ’
555 1986 606 2032 οὗ
636 1989 691 2031 τὸ
724 1984 1027 2044 ἀθηρηλοιγὸν
1072 1986 1142 2029 καῖ
1172 1982 1391 2042 ἀθερίζειν
1420 1985 1674 2037 πεποίηται·
1707 1984 1844 2029 οὕτως
1877 1982 1969 2029 Φι-

259 2057 505 2111 λωνίδης.
554 2057 799 2115 Utrumque
832 2057 1017 2100 verbum
1066 2055 1320 2098 Philonides
1369 2069 1600 2112 usurpasse
1646 2055 1831 2097 videtur.
1879 2054 1970 2098 Cfr.

261 2128 424 2188 Phryn.
456 2129 526 2186 35,
558 2129 585 2171 3
619 2129 757 2170 Borr.:
790 2127 926 2187 ἀθήρ·
965 2130 990 2181 ἡ
1022 2128 1130 2184 ἀκμὴ
1158 2131 1240 2172 τοῦ
1268 2127 1526 2183 ἠκονημένον
1557 2125 1738 2184 σιδήρου,
1772 2128 1867 2171 ἀπὸ
1888 2131 1971 2172 τοῦ

261 2198 441 2259 ἀθέρος,
473 2202 498 2245 ὅ
531 2203 642 2245 ε’ςτιν
674 2200 895 2260 ἀςτάχυος
926 2202 982 2245 τὸ
1014 2198 1148 2258 ἀκρον
1173 2199 1242 2243 καὶ
1261 2199 1558 2248 λεπτότατον,
1596 2195 1707 2256 παρ’
1730 2199 1755 2242 ὃ
1775 2200 1831 2242 τὸ
1852 2196 1969 2251 ἀθη-

259 2273 469 2329 ρηλοιγὸν
498 2272 567 2316 καὶ
598 2269 831 2329 ἀθερίζειν,
865 2278 908 2313 et
941 2269 1081 2313 Bekk.
1116 2273 1191 2313 An.
1225 2270 1325 2322 353,
1360 2269 1430 2312 15:
1463 2270 1645 2325 λέγεται
1666 2267 1714 2313 δὲ
1734 2269 1804 2314 καὶ
1824 2270 1848 2322 ἡ
1871 2272 1969 2314 ε’πι-

262 2340 440 2392 δορατὶς
470 2340 604 2399 ἀθήρ.
640 2342 742 2385 Hes.
776 2340 911 2400 ἀθήρ·
946 2340 1212 2401 ἐπιδορατιὶ·’
1234 2345 1547 2399 μεταφορικῶς.
1571 2338 1784 2400 Αἰςχύλος
1804 2339 1971 2401 Νηρεῖςι

263 2412 332 2470 (fr.
367 2413 453 2456 154
482 2413 572 2469 ΝΒ).
605 2439 655 2444 ---
693 2413 816 2456 Eust.
854 2413 980 2468 1206,
1014 2413 1085 2456 1Ο;
1126 2414 1193 2458 ὅτι
1225 2411 1273 2457 δὲ
1304 2410 1426 2470 ἀθὴρ
1458 2412 1527 2456 καὶ
1557 2410 1811 2470 ἐπιδορατὶς
1839 2412 1969 2468 λέγε-

261 2501 334 2529 ται
366 2486 460 2529 ἀπὸ
489 2487 749 2543 μεταφορᾶς
778 2489 864 2530 τῶν
899 2485 1138 2544 ἀσταχύων,
1170 2482 1365 2537 δηλοῦςιν
1396 2485 1437 2528 οἱ
1466 2485 1661 2527 παλαιοι.
1691 2507 1747 2513 -
1770 2483 1838 2524 De
1860 2496 1969 2525 voce

263 2553 566 2614 ἀθηρηλοιγός
596 2554 674 2598 cfr.
706 2554 786 2599 Od.
820 2558 861 2606 λ,
888 2556 973 2598 128
997 2562 1039 2597 et
1068 2556 1123 2614 ψ,
1146 2556 1252 2610 2753
1274 2554 1395 2596 Eust.
1421 2555 1548 2610 1675,
1569 2554 1644 2596 49:
1675 2555 1730 2598 τὸ
1751 2558 1836 2598 τῶν
1857 2551 1969 2598 ἀθέ-

262 2644 348 2685 ρων
379 2624 701 2685 ὀλεθρευτικόν.
736 2626 838 2669 Hes.
872 2652 928 2657 -—
962 2625 1049 2669 Ofr.
1083 2627 1212 2668 etiam
1246 2623 1582 2683 ἀθηρόβρωτον,
1615 2623 1927 2683 βροτολοιγός.

405 2695 651 2742 ἀθηρηλοιγὸν
675 2703 712 2733 et
738 2694 921 2742 ἀθερίζειν
959 2699 1040 2734 coll.
1066 2698 1202 2744 Phryn.
1231 2698 1344 2733 Bekk.
1372 2696 1430 2742 21,
1465 2695 1511 2731 14
1536 2708 1629 2732 corr.
1664 2693 1795 2740 Reitz]
1830 2693 1969 2740 ἀθηρῆ-

263 2758 402 2792 λαττον
426 2761 463 2793 et
488 2753 661 2802 dboplsov
686 2756 716 2792 b.
1782 2759 1787 2762 ’

930 2827 964 2868 Ρ
968 2826 1109 2869 HILY
1119 2826 1305 2869 LLIUS.

1103 2900 1123 2940 1
1130 2932 1138 2940 .

994 2967 1249 3027 ἀνάλφιτον.

410 3051 698 3095 Phot.13er01.
733 3052 830 3104 116,
872 3053 914 3095 3:
965 3051 1222 3109 ἀνάλφιτον·
1268 3049 1583 3096 Φιλύλλιος
1622 3048 1793 3105 Αἰγεῖ.
1839 3047 1969 3091 Falso
