2280 3626
302 139 322 179 1
332 137 386 181 18
919 153 1092 182 romnus
1112 147 1374 183 mammam:
1911 132 2025 189 [mr

300 281 429 333 1872,
459 295 499 338 p.
530 280 636 338 320)
667 280 879 338 probante
911 280 1113 325 Nauekio
1144 282 1260 339 (Mel.
1292 282 1371 339 VI,
1406 284 1518 342 175).
1566 284 1658 332 Cfr.
1686 285 1796 330 Plat.
1836 286 2012 333 Charm.

301 351 386 395 169
418 365 461 394 c:
492 352 640 411 ὥσπερ
670 354 713 398 οἱ
740 353 845 399 τοὺς
874 355 1174 414 χαςμωμένουσ
1203 355 1462 413 καταντικρὺ
1482 359 1672 415 ὁρῶντες
1691 359 1854 405 ταύτὸν
1872 362 2017 406 τοῦτο

302 421 615 484 ξυμπάσχουςι.

439 493 678 543 μετακέχηνσν
701 493 847 542 Mayor]
871 495 1086 545 μετέσχηκεν
1110 498 1192 534 cod.

1121 593 1191 635 42.

1155 678 1308 722 οὐκοῦν
1338 676 1554 735 ἀγοράσαι

726 746 814 806 χρὴ
846 747 901 791 νὼ
931 747 1038 804 πρὶν
1070 748 1271 799 ἀπιέναι,·

438 827 593 872 Philet.
626 828 768 872 Vatic.
799 828 950 885 (Oohn,
980 828 1061 873 Rh.
1093 829 1203 873 Mus.
1228 831 1358 886 1888,
1376 831 1500 888 414):
1529 834 1585 878 τὸ
1605 832 1820 892 ἀγοράσαι
1852 836 1906 880 οὐ
1921 836 2015 891 μό·-

299 918 372 946 νον
402 901 479 945 ἐπὶ
498 904 580 946 τοῦ
599 903 646 946 ἐν
665 903 815 960 ἀγορᾷ
833 899 1076 959 διατρῖψαι,
1098 901 1215 947 ἀλλὰ
1236 900 1430 956 συνήθως
1450 904 1556 960 ἡμῖν·
1580 905 1798 954 ,οὐκοῦν
1816 902 1928 951 κτλ’.
1952 930 2012 937 -

296 971 461 1014 Versus
494 972 682 1014 comicos
713 972 894 1028 agnovit
923 971 1046 1015 Cohn
1077 972 1198 1030 prob.
1228 972 1431 1016 Nauckio
1460 973 1578 1031 (Mel.
1597 974 1678 1029 VI,
1702 974 1802 1032 177)
1824 982 1868 1018 et
1888 975 2009 1025 Here

296 1042 428 1085 werd.
459 1041 583 1100 (Coll.
616 1043 732 1100 206).
766 1043 853 1088 Cfr.
885 1042 1049 1101 Phryn.
1083 1060 1120 1101 p.
1154 1045 1225 1101 3⁶2,
1274 1047 1325 1088 17
1360 1046 1495 1088 Bon-,z
1543 1044 1789 1104 ἀγοράζειν·
1835 1047 1907 1093 καὶ
1948 1049 2017 1094 τὸ

295 1112 501 1160 ὠνεῖσθαί
528 1119 681 1166 <τι>
716 1116 786 1160 καὶ
815 1117 871 1161 τὸ
903 1118 949 1160 ἐν
979 1117 1127 1176 ἀγορᾷ
1156 1114 1406 1176 διατρίβειν.
1450 1117 1574 1160 Idem
1615 1117 1735 1162 Phot.
1766 1115 1907 1162 Berol.
1939 1118 2011 1174 21,

298 1186 372 1240 153
402 1184 541 1230 Bekk.
574 1187 657 1228 An.
689 1187 790 1239 330,
823 1187 867 1241 73
900 1185 1021 1230 Suid.
1055 1202 1086 1230 s.
1118 1202 1159 1230 v.
1191 1186 1435 1246 ἀγοράζειν.
1454 1213 1511 1219 ——
1530 1188 1632 1232 Hes.
1664 1186 1910 1248 ἀγοράζειν·
1937 1189 2011 1236 καὶ

295 1258 372 1302 ἐπὶ
400 1261 481 1303 τοῦ
511 1255 708 1303 ὠνεῖσθαι
739 1259 808 1303 καὶ
839 1259 915 1303 ἐπὶ
943 1262 1026 1303 τοῦ
1054 1257 1429 1315 διαβουλεύεςᾶαι.
1447 1285 1506 1291 -
1523 1260 1597 1303 Ar.
1629 1259 1742 1303 Plut.
1774 1261 1880 1304 984:
1910 1263 2020 1307 ταῖς

296 1326 511 1387 ἀδελφαῖς
541 1328 755 1386 ἀγοράσαι
785 1330 986 1390 χιτώνιον
1017 1337 1059 1372 et
1088 1344 1296 1387 persaepe
1328 1329 1404 1372 alii
1438 1331 1609 1374 comici.

438 1400 578 1435 ἀπιέναι
605 1399 724 1446 Cohn]
750 1401 889 1436 ἀπεῖναι
916 1403 997 1438 cod.

1115 1474 1186 1516 43.

706 1555 858 1612 βούλει
888 1558 1042 1614 κομίσω
1072 1575 1135 1603 ςοι
1167 1557 1246 1610 τὴν
1275 1557 1459 1611 λεκάνην
1490 1559 1603 1614 ἐγώ,-

437 1638 667 1682 Philetaer.
699 1639 841 1683 Vatic.
872 1638 1024 1697 (Cohn,
1056 1639 1135 1683 Rh.
1168 1640 1278 1684 Mus.
1314 1640 1440 1692 1888,
1470 1642 1592 1697 416):
1638 1640 1794 1695 λεκάνη
1824 1640 1893 1687 διὰ
1923 1645 2019 1688 τοῦ·

294 1709 330 1758 ἒ·
375 1710 590 1769 ,βούλει
630 1709 738 1757 κτλ.”
800 1710 990 1754 Versum
1042 1712 1258 1754 comicum
1310 1712 1491 1767 agnovit
1541 1710 1663 1756 Oohn
1715 1710 2004 1769 probantibus

295 1782 499 1826 Nauckio
531 1782 648 1837 (Mel.
681 1782 759 1838 VI,
792 1782 893 1839 177)
924 1790 968 1826 et
1000 1782 1227 1826 Herwerd.
1258 1782 1455 1838 (collect.
1478 1782 1890 1837 206).—I⁴*ormam
1913 1781 2007 1827 vul-

294 1869 445 1912 garem
476 1854 612 1897 fuisse
651 1853 840 1908 λακάνην
870 1861 1054 1897 testatur
1084 1853 1228 1898 Schol.
1259 1855 1335 1896 Ar.
1366 1854 1450 1897 Av.
1486 1855 1619 1897 1142:
1659 1856 1714 1900 τὸ
1755 1854 1833 1912 μὲν
1861 1856 2005 1900 κοινὸν

294 1926 471 1980 λακάνη,
504 1926 631 1985 παρὰ
662 1928 717 1971 τὸ
747 1916 806 1972 sa
837 1928 1091 1972 ἐπιτατικὸν
1135 1927 1204 1971 καὶ
1234 1927 1289 1971 τὸ
1319 1926 1494 1987 χαίνειν,
1535 1925 1686 1971 πλατὺ
1725 1924 1827 1985 γάρ·
1868 1926 1924 1971 τὸ
1955 1923 2004 1971 δὲ

309 1996 500 2044 Ἀττικὸν
528 1997 700 2052 λεκάνη.
719 2023 773 2029 -
791 1997 882 2041 cfr.
911 1996 1035 2041 Phot.
1067 2012 1100 2041 e.
1131 2012 1172 2039 v.
1202 1996 1372 2051 λεκάνη·
1405 1997 1664 2056 παρώνυμοσ
1693 2001 1776 2043 τοῦ
1803 1998 2016 2043 λε’κουσ....

295 2072 337 2116 οἱ
365 2070 551 2115 παλαιοὶ
580 2070 606 2114 ὃ
637 2070 752 2126 ἡμεῖς
796 2068 978 2123 λεκάνην
1018 2067 1333 2127 ποδανιπτῆρα
1374 2067 1567 2114 ε’κάλουν.
1599 2093 1656 2099 -
1687 2067 1844 2111 Athen.
1876 2066 1932 2124 V,
1961 2082 2007 2126 p.

298 2141 380 2184 197
415 2140 460 2183 b:
491 2143 613 2200 πρὸς
651 2141 731 2194 τὴν
760 2142 976 2199 ἀπόνιψιν
1017 2142 1175 2186 ἑκατὸν
1216 2141 1409 2199 ἀργυραῖ
1443 2139 1629 2185 λεκάναι.
1667 2165 1719 2171 -
1753 2138 1913 2183 Polluc.
1945 2138 2017 2194 X„

298 2214 353 2256 76
385 2220 428 2256 ot
459 2213 527 2256 84.

1115 2284 1186 2326 44.

748 2366 1107 2426 ὑπερδεδιςκηκας
1136 2367 1326 2426 πονηρίᾳ
1358 2366 1547 2412 πάντας.

438 2449 674 2510 Phrynieh.
698 2466 735 2507 p.
761 2452 857 2504 117,
879 2452 907 2493 3
930 2450 1065 2493 B‹›rr.:
1099 2453 1256 2508 ,ὑπερ
1268 2448 1598 2503 δεδίςκηκας
1617 2447 1727 2495 xm·
1750 2448 1843 2495 οἷον
1862 2451 2016 2508 ὑπερ·

295 2521 531 2580 βέβληκας.
564 2524 589 2576 ἡ
618 2522 853 2581 μεταφορὰ
885 2524 980 2567 ἀπὸ
1001 2526 1085 2567 τῶν
1106 2520 1493 2580 ὑπερδισκευόντων
1523 2521 1751 2575 ἀλλήλους.
1773 2522 1923 2578 ὅμοιον
1946 2521 2017 2566 τὸ-

295 2596 635 2653 ὑπερηκόντιςας
663 2594 757 2649 (Ar.
789 2593 867 2651 Eq.
898 2594 1003 2648 6593
1035 2594 1116 2635 Av.
1148 2594 1253 2646 3633
1286 2592 1399 2635 Plut.
1421 2593 1538 2649 666).
1559 2591 1647 2636 cfr.
1668 2593 1744 2634 Ar.
1764 2590 1875 2634 Aah.
1897 2591 2003 2635 ‘1122

295 2664 641 2725 περιετόξευσεν.
674 2690 730 2696 -
765 2663 1025 2709 comoediae
1056 2664 1310 2721 adsignavit
1338 2662 1529 2723 Blaydos
1559 2662 1691 2721 (Λᾶν.
1723 2661 1782 2716 11,
1811 2661 1932 2719 356).

1115 2772 1184 2815 45.

439 2856 607 2900 Polluc.
639 2855 766 2912 VIII,
800 2856 901 2899 133:
933 2853 1014 2915 ἀφ’
1045 2854 1097 2909 ἧς
1126 2855 1200 2912 (sc.
1233 2852 1413 2907 Πυκνὸς)
1445 2856 1524 2900 τὸν
1554 2857 1634 2899 τοῦ
1663 2852 1796 2910 δήμου
1824 2850 2014 2911 &dpv-

296 2928 330 2985 β
341 2948 401 2975 ον
432 2930 707 2981 πυκνίτην
747 2928 877 2986 φασὶν
907 2930 949 2972 οἱ
977 2927 1157 2983 κωμικοί.
1193 2951 1245 2958 -
1277 2925 1367 2971 (ΕΓ.
1401 2927 1471 2969 Ar.
1506 2924 1583 2982 Eq.
1614 2924 1718 2968 547:
1749 2921 2016 2982 θόρυβοι..-

295 2999 518 3054 Ληναΐτην.
2015 3012 2017 3016 ,
