2280 3626
267 212 365 264 [118]
857 235 1178 263 surpnnxmun
1198 236 1381 264 comem(
1907 225 1966 269 39

267 344 568 418 κεκαθαρμένη
598 362 718 419 πρὸς
759 378 985 420 γεωργιαν.
1024 360 1259 421 ὶοφοκλῆς
1297 363 1367 408 καὶ
1405 361 1696 422 Κρατῖνος.
1739 366 1966 411 Cratinum

267 443 295 473 a
322 429 536 487 Sophocle
567 438 812 474 mutuatum
844 446 939 474 csse
966 440 1156 490 apparet.

1082 539 1152 582 27.

780 619 1024 680 ἅνθρωπος
1053 624 1454 681 φιλοπραγματίας.

407 713 531 759 Phot.
562 715 702 760 Berol.
746 717 843 772 140,
885 718 959 760 17:
1001 715 1244 776 ἅνθρωπος
1284 720 1687 777 φιλοπραγματίας·
1726 738 1966 774 πεποιηται

265 786 343 844 μὲν
371 788 399 840 ἡ
428 787 550 846 φωνὴ
581 788 737 845 ὁμοίως
765 792 828 848 τῷ
856 789 1106 846 λημματίας,
1145 787 1274 842 δηλοῖ
1297 788 1346 834 3&
1374 791 1455 834 τὸν
1485 793 1700 848 φιλοῦντα
1729 791 1798 836 καὶ
1828 809 1965 836 ςπου-

266 854 458 912 δάζοντα
487 858 638 903 πάντα
669 861 845 918 τρόπον
874 858 1248 920 μεταχειρίζεσθαι
1287 860 1545 919 πράγματα.
1588 861 1725 906 οὕτως
1764 860 1808 907 Κ
1810 880 1839 920 ρ
1851 867 1965 908 ατΐ-

266 947 370 974 νος.
401 928 568 972 Eadem
599 930 738 973 verba
769 946 792 973 c
823 930 988 988 Phryn.
1019 933 1059 984 2,
1092 933 1114 972 1
1147 930 1268 973 Borr.
1311 938 1516 987 excerpta
1555 931 1696 975 Kock.
1736 933 1783 974 in
1824 932 1966 990 adesp.

265 998 336 1054 (fr.
368 999 473 1056 841)
503 999 804 1045 collocaverat.
834 1000 926 1045 Ofr.
957 1001 1075 1045 Suid.
1108 1000 1237 1061 ἀνθρ.
1269 1005 1380 1060 φιλ.·
1410 1003 1486 1048 ἐπὶ
1514 1003 1906 1062 πολυπράγμονος.

407 1072 605 1116 λημματίας
629 1073 800 1120 Hilgard.
824 1073 972 1120 BphW.
998 1071 1103 1119 1907,
1127 1071 1214 1118 619]
1247 1072 1400 1118 λήμματι
1432 1074 1527 1111 falso
1557 1075 1674 1111 edidit
1705 1075 1966 1113 Reitzenstein.

1081 1156 1150 1198 28.

1024 1240 1210 1296 ἀνομίαν.

408 1330 531 1374 Phot.
563 1331 704 1375 Berol.
746 1333 845 1389 143,
886 1334 961 1376 24:
1007 1333 1167 1391 ἄνομον
1204 1335 1480 1393 κατηγορίαν·
1521 1338 1547 1380 ὀ
1588 1337 1721 1381 αὐτὸς
1761 1335 1966 1394 (Lysias),

270 1403 447 1460 ἀνομιαν
475 1401 525 1448 3&
554 1401 847 1463 Κρατῖνος,
880 1407 1045 1462 ἀνόμως
1074 1404 1122 1450 δὲ
1161 1403 1401 1451 Φιλύλλιος
1430 1405 1500 1463 (fr.
1532 1406 1560 1448 2
1591 1406 1662 1461 D),
1695 1409 1887 1464 ἀνόμημα
1917 1406 1966 1453 δὲ

264 1470 429 1519 Λυςίας.

848 1558 1159 1616 Fragmentum
1192 1558 1386 1602 dubium.

1079 1643 1148 1686 29.

618 1746 653 1767 υ
668 1749 726 1756 -
741 1745 776 1767 υ
790 1727 870 1770 τὸν
898 1723 1011 1770 ,θεὸν
1039 1723 1077 1770 δ’
1110 1729 1213 1783 ἐμοῦ
1240 1725 1375 1770 κλύων
1404 1724 1518 1782 ςέβε,

622 1797 679 1840 ὡς
711 1797 818 1841 ὄντα
848 1796 1118 1853 -ῦμάντιν
1147 1795 1485 1855 ἀψευδέστατον.

407 1889 513 1932 Lex.
545 1889 736 1934 Sabbait„
766 1891 807 1945 4,
841 1893 912 1935 13:
953 1890 1281 1950 ἀψευδέστατος
1309 1892 1468 1949 μάντις·
1510 1890 1804 1951 Κρατῖνος·
1847 1895 1963 1950 ,τὸν

265 1957 408 2005 ,θεὸν
437 1959 544 2006 κτλ.’
575 1961 741 2004 Versus
773 1963 994 2005 constituit
1011 1962 1141 2006 Kock
1162 1962 1305 2018 (RhM.
1330 1963 1457 2019 1893,
1478 1964 1592 2019 580).
1625 1962 1817 2006 Rcinach
1840 1962 1962 2017 (Rev,

266 2029 344 2072 des
374 2033 428 2074 ct.
458 2030 534 2075 Gr.
568 2033 696 2086 1892,
728 2032 832 2090 323)
864 2033 919 2076 Η.
950 2033 1158 2076 Wcilium
1200 2042 1372 2075 secutus
1413 2036 1470 2079 ὠς
1510 2033 1626 2076 delet
1665 2041 1792 2090 atquc
1834 2033 1962 2076 hosce

264 2115 418 2144 vorsus
448 2104 613 2147 statuit:
643 2106 723 2149 τὸν
751 2102 864 2149 ,θεὸν
893 2102 931 2149 3'
964 2108 1065 2161 ἐμοῦ
1091 2106 1096 2161 Ι
1124 2105 1263 2149 κλύων
1293 2102 1384 2160 ςέβ”
1422 2106 1529 2149 ὄντα
1559 2107 1650 2149 κτλ.
1673 2129 1731 2135 -—-
1751 2103 1837 2148 Sed
1856 2119 1960 2147 num

266 2186 418 2215 versus
449 2180 564 2215 recte
596 2174 845 2217 tribuantur
876 2176 1061 2229 Cratino,
1090 2174 1219 2218 valde
1251 2174 1537 2218 dubitandum
1581 2183 1658 2225 est,
1699 2189 1798 2218 nam
1839 2174 1962 2232 ,Ζεὺς

267 2246 314 2288 ἐν
342 2242 506 2289 ἃεοΐςιν
534 2244 683 2301 μα’ντις
713 2244 1053 2304 ἀψευδέςτατος’
1084 2245 1281 2300 (Aristid.
1303 2245 1362 2300 11,
1382 2261 1421 2303 p.
1442 2247 1496 2289 51
1515 2265 1573 2284 =
1589 2245 1738 2304 Eurip.
1769 2245 1822 2288 fr.
1846 2247 1960 2289 1110

266 2313 344 2370 1⁸1¹)
374 2314 598 2372 Euripidis
629 2323 704 2358 aut
733 2319 877 2374 potius
906 2316 1156 2361 Archilochi
1188 2324 1299 2360 sunt.

410 2420 500 2464 cfr.
532 2420 690 2464 Cratet.
721 2421 774 2465 fr.
805 2423 832 2466 6
864 2423 915 2466 D.

980 2516 1241 2562 DIOCLES.

1095 2604 1132 2644 l.

962 2681 1257 2741 ἀργυροθήκη.

410 2773 639 2817 Philetacr.
671 2775 811 2819 Vatic.
843 2775 992 2832 (Cohn,
1022 2776 1100 2819 Rh.
1133 2776 1242 2819 Mus.
1266 2776 1392 2832 1888,
1422 2778 1545 2832 415):
1578 2775 1871 2835 dpyvpoflrixn·
1902 2779 1957 2821 τὸ

271 2850 341 2891 νῦν
372 2845 658 2903 ἁργεντάριον
688 2846 959 2902 καλούμενον,
990 2846 1116 2904 παρὰ
1147 2845 1383 2892 Διοκλεῖ·
1416 2848 1501 2893 ἔστι
1532 2846 1580 2893 δὲ
1610 2847 1739 2893 οὗτος
1767 2851 1846 2899 τῆς
1874 2849 1956 2902 ἀρ-

269 2934 399 2977 χαιας
438 2915 649 2976 κωμῳδιας
688 2917 883 2969 ποιητής.
918 2941 971 2947 —
1005 2916 1090 2961 cfr.
1122 2916 1284 2959 Polluc.
1315 2917 1374 2973 X,
1417 2919 1516 2961 152:
1563 2916 1869 2975 ἀργυροθήκην
1908 2915 1957 2961 3&

283 2986 534 3046 Ἀντιφάνης
565 2990 610 3031 ἐν
642 2985 798 3031 Μίδωνι
830 2986 898 3036 (fr.
932 2988 1014 3029 157
1047 2987 1106 3042 K)
1137 2988 1308 3042 εἴρηκεν.
1341 3013 1394 3019 -
1430 2988 1532 3030 Hes.
1575 2985 1868 3046 ἁμγυροθήκη·
1900 2988 1955 3031 τὸ

271 3062 330 3104 εἰς
361 3058 568 3116 ἀργύριον
598 3061 891 3115 γραμματεῖον
918 3057 966 3110 (ὃ
997 3058 1065 3102 καὶ
1096 3056 1299 3103 Βοιώτιον
1327 3059 1395 3103 καὶ
1424 3062 1576 3104 κοῖλον
1606 3059 1812 3114 λέγεται).

1913 3138 1956 3173 4⁸
