2280 3626
279 202 379 252 121⁷]
873 219 1192 247 suppbnumuu
1213 219 1394 247 comeum
1931 206 1993 250 13

282 360 420 397 ιῐσνον.
454 346 558 392 Hes,
588 349 797 403 κλιμακες·
830 344 979 398 πάλης
1009 344 1133 391 εἶδος.
1166 344 1276 387 Plat.
1302 344 1355 388 fr.
1379 345 1476 400 124,
1499 346 1522 387 1
1557 347 1614 390 K:
1646 364 1825 407 χαιρειε,
1859 347 1989 405 οἶμαι,

282 417 636 475 μεταπεττεύεαε
666 418 798 462 αὐτὸν
838 414 1151 473 διακλιμακιεας
1179 434 1243 461 τε.
1275 441 1334 448 -—
1366 415 1494 472 Soph.
1525 416 1682 460 Trach.
1715 419 1820 461 521:
1852 420 1987 477 ἀμφι-

279 490 466 536 πλεκτοι
511 489 720 545 κλιμακεε,
766 487 843 529 ubi
883 485 1016 531 schol.
1058 493 1249 530 annotat:
1298 487 1385 532 ἔστι
1440 486 1488 532 δὲ
1527 486 1639 533 εἶδος
1685 491 1993 546 παλαιςματοε

281 560 309 613 ἡ
338 557 511 616 κλΐμαξ.
543 584 601 589 -—
633 558 720 602 Hic
761 557 816 600 de
858 572 968 614 equo
1011 556 1177 600 dictum
1219 572 1313 600 esse
1355 558 1601 615 suspicatur
1639 558 1769 602 Kock
1800 558 1898 615 (Rh.
1929 559 1987 602 M.

283 630 412 686 1893,
442 629 547 686 583)
578 628 676 672 coll.
706 628 782 672 Ar.
814 628 866 672 fr.
897 629 1088 672 41-43,
1119 654 1176 659 -—
1208 629 1522 685 Fragmentum
1558 629 1862 686 Aristophanis
1892 645 1989 673 esse

280 715 370 744 non
399 699 581 758 Diphili,
612 700 688 758 qui
718 699 913 743 fabulam
946 700 1250 757 cognominem
1282 699 1525 754 scripserat,
1559 700 1743 743 coniecit
1772 700 1994 758 Papadop,

280 771 491 831 probante
521 771 707 814 Kockio.

423 844 577 880 Lemma
601 847 639 880 et
662 847 794 890 poetae
818 855 951 879 nomen
978 844 1061 879 add.
1086 844 1224 890 Papad.
1252 862 1295 868 —
1323 840 1404 878 ὥστ’
1431 844 1480 878 εἰς
1505 840 1611 890 Pap]
1637 841 1727 878 ὥστε
1753 844 1803 877 εἰς
1827 845 1908 879 cod.

1115 973 1153 1015 5.

781 1060 898 1115 τήνδ’
932 1063 1066 1107 ἕωλον
1097 1061 1488 1121 ἀναβεβραςμένην.

426 1150 545 1195 Phot.
576 1150 718 1194 Berol.
751 1151 849 1207 106,
880 1151 955 1193 2οε
988 1150 1355 1210 ἁναβεβραεμένη·
1385 1151 1717 1209 ἀνακεκινημένη.
1743 1150 1791 1197 Ἀ
1802 1170 1831 1210 ρ
1843 1171 1854 1197 ι
1867 1170 1889 1197 c
1899 1170 1927 1195 τ
1938 1171 1992 1197 ο-

287 1229 326 1282 φ
336 1222 367 1268 ά
377 1242 399 1268 ν
409 1241 434 1276 η
446 1241 469 1268 c
501 1220 550 1268 'A
564 1242 586 1267 ν
598 1241 626 1267 α
636 1241 668 1279 γ
678 1222 704 1267 v'
712 1241 740 1281 ρ
752 1236 795 1283 ῳ·
828 1222 939 1275 ,τήν
950 1221 978 1267 3
987 1241 1008 1267 ε
1038 1221 1147 1268 κτλ.’
1172 1248 1227 1254 ——
1247 1221 1336 1266 cfr.
1361 1222 1462 1264 Hes.
1486 1221 1853 1280 ἀναβεβρασμένη·
1888 1225 1994 1267 ἀνα-Ἴ

285 1295 535 1351 κεκινημένη.

427 1362 524 1406 τῆνὸ’
550 1363 663 1400 ἕωλον
687 1363 819 1410 Reitz.]
844 1363 909 1406 τὴν
934 1363 972 1400 δὲ
998 1364 1130 1400 αἷωλον
1156 1366 1234 1401 cod·
1263 1365 1293 1400 b.

1118 1508 1156 1549 6.

711 1603 877 1662 χαιρειν
908 1603 984 1659 μὲν
1022 1600 1152 1648 Ἅλον
1181 1605 1261 1648 τὸν
1296 1601 1517 1656 Φθιώτην,

712 1674 880 1734 χαίρειν
910 1671 948 1718 δ’
981 1676 1175 1734 ἀτεχνῶς
1208 1672 1552 1731 Ἀναγυραείουε.

427 1767 549 1812 Phot.
582 1767 719 1812 Berol.
756 1769 852 1823 108,
887 1769 957 1812 15:
994 1767 1313 1828 Ἀναγυράσιον·
1346 1770 1425 1822 τὴν
1455 1770 1605 1828 τρίτην
1646 1772 1883 1825 ε’κτεινουει,
1922 1769 1992 1813 καὶ

287 1841 366 1894 τὴν
395 1839 613 1899 τετάρτην
642 1839 941 1901 βραχύνουειν.
977 1838 1392 1899 Ἀριστοφάνης
1425 1838 1719 1900 Ἀναγύρῳ·
1753 1858 1992 1900 ,χαιρειν

283 1912 380 1969 μὲν
409 1909 511 1957 tere-J
549 1936 601 1943 —
633 1910 743 1954 Alus
775 1910 882 1954 urbs
924 1910 1007 1953 fuit
1048 1911 1237 1954 Achaiae
1279 1910 1540 1954 Phthiotidis
1572 1910 1668 1968 (cfr.
1705 1911 1831 1953 Hom.
1864 1909 1914 1953 Il.
1945 1911 1991 1961 B,

286 1981 403 2039 682).
434 1982 505 2025 Ex
535 1981 619 2025 hoc
649 1981 896 2039 fragmento
928 1989 1106 2039 apparet
1137 1982 1267 2024 Alum
1300 1990 1342 2026 et
1364 1983 1687 2040 Anagyrasium
1709 1997 1871 2039 pagum
1901 1982 1989 2023 iam

284 2053 332 2099 in
362 2052 586 2097 comoedia
617 2067 765 2096 secum
798 2053 1052 2096 coniunctos
1082 2053 1218 2096 fuisse
1249 2053 1593 2111 Euripidemque
1623 2052 1774 2095 fabula
1804 2052 1858 2095 de
1879 2054 1991 2096 Ana-

286 2138 397 2182 gyro
427 2123 637 2182 (Paroem.
668 2139 731 2181 gr.
754 2125 788 2176 Ι,
818 2140 858 2182 p.
891 2126 990 2179 219,
1023 2126 1079 2167 10
1101 2124 1198 2167 adn.
1221 2123 1430 2178 Leutsch)
1452 2125 1497 2166 in
1518 2122 1743 2180 tragoedia
1772 2122 1991 2166 Phoenice

287 2194 585 2252 componenda
615 2210 742 2238 usum
774 2210 870 2238 esse
899 2195 1090 2252 (Wilam.
1125 2195 1369 2251 Sitzungsb.
1404 2196 1530 2250 1907,
1564 2195 1619 2237 10
1652 2194 1741 2251 sq.).

429 2279 465 2303 v.
492 2266 523 2300 1.
548 2265 609 2311 μὲν
639 2265 744 2302 Ἄλον
768 2265 899 2312 Reium]
924 2267 1075 2312 μέναλον
1100 2269 1179 2303 cod.
1207 2268 1236 2302 b.
1262 2287 1300 2291 —
1327 2267 1360 2302 2.
1396 2265 1659 2312 Ἀναγυραςίονε
1684 2264 1814 2311 Reitz]
1850 2264 1993 2311 Ἀναγν-

286 2325 421 2371 ραείοις
446 2326 526 2362 cod.
553 2326 583 2361 b.

1122 2435 1158 2476 7.

572 2528 623 2570 A·
654 2528 724 2573 καὶ
752 2528 834 2573 τὰς
864 2527 982 2573 δίκας
1013 2527 1087 2573 οὖν
1119 2529 1276 2585 ἔλεγον
1308 2527 1487 2588 ᾄδοντες
1517 2530 1647 2577 τότε;

573 2599 617 2642 Β.
656 2599 703 2652 νὴ
734 2597 828 2644 Δία·
862 2599 1015 2658 φράεω
1045 2598 1083 2644 δ’
1116 2600 1202 2656 ἐγὼ
1231 2600 1343 2656 μέγα
1375 2617 1437 2644 σοι
1468 2599 1704 2657 τεκμήριον·

655 2671 718 2715 ἔτι
748 2670 838 2728 γὰρ
868 2668 1039 2727 λέγους’
1073 2674 1114 2715 οἱ
1144 2669 1436 2729 πρεσβύτεροι
1467 2668 1712 2727 καθήμενοι,

658 2742 766 2785 ὅταν
797 2746 932 2786 κακῶς
967 2746 1142 2792 <τιε>
1180 2743 1459 2798 ἀπολογῆται
1490 2741 1568 2794 τὴν
1599 2739 1725 2793 δίκην

290 2822 308 2848 ⁵
658 2810 813 2870 ,ᾄδεις.’

432 2903 554 2947 Phot.
586 2904 725 2948 Berol.
756 2905 826 2956 48,
879 2907 948 2949 12:
991 2906 1105 2965 ᾅδειν
1146 2908 1304 2963 ὅμοιον·
1348 2906 1578 2959 καινοτάτη
1620 2908 1644 2959 ἡ
1686 2904 1884 2958 σύνταξις
1924 2905 1992 2948 καί

296 2973 508 3033 Ἀττικῶς,
541 2978 576 3021 εἰ
606 2994 673 3020 και
704 2994 770 3021 τις
801 2976 925 3029 ἄλλη,
960 2979 1161 3035 εἰρημένη.
1207 2978 1387 3034 σημαίνει
1418 2976 1465 3022 δὲ
1495 2979 1549 3022 τὸ
1580 2976 1717 3033 μάτην
1747 2977 1901 3031 λέγειν,
1935 2977 1992 3019 ὡς

293 3050 330 3093 εἰ
360 3048 429 3092 καὶ
459 3046 596 3092 ἄλλος
629 3045 742 3106 ᾄδειν
774 3045 929 3092 ἐθέλοι
961 3066 1026 3092 τις
1057 3051 1102 3092 ἐν
1133 3046 1271 3092 οὐδενὶ
1300 3048 1527 3106 πράγματι
1560 3049 1746 3108 ἁνυσιμῳ.
1798 3043 1992 3091 Εὔπολις
