<?xml version="1.0" encoding="UTF-8"?>
<!DOCTYPE html PUBLIC "-//W3C//DTD XHTML 1.0 Transitional//EN"
    "http://www.w3.org/TR/xhtml1/DTD/xhtml1-transitional.dtd">
<html xmlns="http://www.w3.org/1999/xhtml" xml:lang="en" lang="en">
 <head>
  <title>
</title>
<meta http-equiv="Content-Type" content="text/html;charset=utf-8" />
  <meta name='ocr-system' content='tesseract 3.04.00' />
  <meta name='ocr-capabilities' content='ocr_page ocr_carea ocr_par ocr_line ocrx_word'/>
</head>
<body>
  <div class='ocr_page' id='page_1' title='image "./supplementumcomi00demiuoft_0071.png"; bbox 0 0 2280 3626; ppageno 0'>
   <div class='ocr_carea' id='block_1_1' title="bbox 250 195 1966 827">
    <p class='ocr_par' dir='ltr' id='par_1_1' title="bbox 250 195 1966 827">
     <span class='ocr_line' id='line_1_1' title="bbox 253 195 1966 244; baseline -0.001 -2"><span class='ocrx_word' id='word_1_1' title='bbox 253 195 352 244; x_wconf 67' lang='lat'>[20⁹]</span> <span class='ocrx_word' id='word_1_2' title='bbox 853 212 1175 240; x_wconf 62' lang='lat' dir='ltr'>summum-run</span> <span class='ocrx_word' id='word_1_3' title='bbox 1195 212 1375 239; x_wconf 65' lang='lat' dir='ltr'><strong>comem:</strong></span> <span class='ocrx_word' id='word_1_4' title='bbox 1907 198 1966 241; x_wconf 83' lang='lat'>65</span> 
     </span>
     <span class='ocr_line' id='line_1_2' title="bbox 309 334 1961 399; baseline 0.002 -17"><span class='ocrx_word' id='word_1_5' title='bbox 309 334 364 339; x_wconf 41' lang='lat'>*⁶</span> <span class='ocrx_word' id='word_1_6' title='bbox 383 334 501 382; x_wconf 85' lang='lat' dir='ltr'>Lex.</span> <span class='ocrx_word' id='word_1_7' title='bbox 532 338 724 383; x_wconf 80' lang='lat' dir='ltr'>Sabbm&#39;t.</span> <span class='ocrx_word' id='word_1_8' title='bbox 755 339 802 395; x_wconf 85' lang='lat'>3,</span> <span class='ocrx_word' id='word_1_9' title='bbox 834 339 905 381; x_wconf 88' lang='lat'>10:</span> <span class='ocrx_word' id='word_1_10' title='bbox 938 337 1139 397; x_wconf 84' lang='grc' dir='ltr'>ἄφυκτον</span> <span class='ocrx_word' id='word_1_11' title='bbox 1167 337 1324 395; x_wconf 61' lang='grc' dir='ltr'>λαβήν</span> <span class='ocrx_word' id='word_1_12' title='bbox 1346 342 1372 383; x_wconf 90' lang='grc' dir='ltr'>ὁ</span> <span class='ocrx_word' id='word_1_13' title='bbox 1394 341 1534 396; x_wconf 82' lang='grc' dir='ltr'>λόγος</span> <span class='ocrx_word' id='word_1_14' title='bbox 1564 340 1764 398; x_wconf 86' lang='grc' dir='ltr'>ἐναργής·</span> <span class='ocrx_word' id='word_1_15' title='bbox 1796 358 1961 399; x_wconf 86' lang='grc' dir='ltr'>τροπι-</span> 
     </span>
     <span class='ocr_line' id='line_1_3' title="bbox 250 408 1962 470; baseline -0.001 -14"><span class='ocrx_word' id='word_1_16' title='bbox 250 415 335 457; x_wconf 69' lang='lat' dir='ltr'>x&amp;</span> <span class='ocrx_word' id='word_1_17' title='bbox 363 412 460 456; x_wconf 88' lang='grc' dir='ltr'>ἀπὸ</span> <span class='ocrx_word' id='word_1_18' title='bbox 488 415 575 456; x_wconf 84' lang='grc' dir='ltr'>τῶν</span> <span class='ocrx_word' id='word_1_19' title='bbox 594 413 857 456; x_wconf 84' lang='grc' dir='ltr'>παλαιςτῶν.</span> <span class='ocrx_word' id='word_1_20' title='bbox 889 408 1227 470; x_wconf 77' lang='grc' dir='ltr'><em>Νικοχάρης·</em></span> <span class='ocrx_word' id='word_1_21' title='bbox 1260 408 1393 467; x_wconf 81' lang='grc' dir='ltr'>,ἀλλ’</span> <span class='ocrx_word' id='word_1_22' title='bbox 1426 410 1744 468; x_wconf 85' lang='grc' dir='ltr'>εἰλήμμεθα</span> <span class='ocrx_word' id='word_1_23' title='bbox 1774 410 1962 457; x_wconf 82' lang='grc' dir='ltr'>κτλ.’-</span> 
     </span>
     <span class='ocr_line' id='line_1_4' title="bbox 251 480 1963 541; baseline 0.001 -14"><span class='ocrx_word' id='word_1_24' title='bbox 251 481 340 527; x_wconf 84' lang='lat' dir='ltr'><strong>Cfr.</strong></span> <span class='ocrx_word' id='word_1_25' title='bbox 370 480 485 525; x_wconf 83' lang='lat' dir='ltr'><strong>Plut.</strong></span> <span class='ocrx_word' id='word_1_26' title='bbox 517 482 624 524; x_wconf 83' lang='lat' dir='ltr'><strong>Mor.</strong></span> <span class='ocrx_word' id='word_1_27' title='bbox 656 496 696 537; x_wconf 90' lang='lat' dir='ltr'>p.</span> <span class='ocrx_word' id='word_1_28' title='bbox 719 481 805 524; x_wconf 90' lang='grc'>186</span> <span class='ocrx_word' id='word_1_29' title='bbox 837 480 884 523; x_wconf 89' lang='lat' dir='ltr'>d:</span> <span class='ocrx_word' id='word_1_30' title='bbox 916 480 989 538; x_wconf 83' lang='lat' dir='ltr'>(de</span> <span class='ocrx_word' id='word_1_31' title='bbox 1010 480 1257 538; x_wconf 77' lang='lat' dir='ltr'><strong>Alcibiade)</strong></span> <span class='ocrx_word' id='word_1_32' title='bbox 1288 482 1353 526; x_wconf 86' lang='grc' dir='ltr'>ἔτι</span> <span class='ocrx_word' id='word_1_33' title='bbox 1382 486 1492 527; x_wconf 88' lang='grc' dir='ltr'>παῖς</span> <span class='ocrx_word' id='word_1_34' title='bbox 1520 483 1578 526; x_wconf 85' lang='grc' dir='ltr'>ὢν</span> <span class='ocrx_word' id='word_1_35' title='bbox 1608 481 1790 541; x_wconf 79' lang='grc' dir='ltr'>ἐλήφθη</span> <span class='ocrx_word' id='word_1_36' title='bbox 1818 481 1963 539; x_wconf 84' lang='grc' dir='ltr'>λαβὴν</span> 
     </span>
     <span class='ocr_line' id='line_1_5' title="bbox 250 551 1964 613; baseline 0.001 -15"><span class='ocrx_word' id='word_1_37' title='bbox 250 555 299 598; x_wconf 83' lang='grc' dir='ltr'>ἐν</span> <span class='ocrx_word' id='word_1_38' title='bbox 326 553 594 613; x_wconf 80' lang='grc' dir='ltr'>παλαίςτρᾳ.</span> <span class='ocrx_word' id='word_1_39' title='bbox 625 552 870 610; x_wconf 82' lang='lat' dir='ltr'><strong>Improprie</strong></span> <span class='ocrx_word' id='word_1_40' title='bbox 901 551 1011 595; x_wconf 88' lang='lat' dir='ltr'><strong>Plut.</strong></span> <span class='ocrx_word' id='word_1_41' title='bbox 1044 553 1150 595; x_wconf 89' lang='lat' dir='ltr'><strong>Mor.</strong></span> <span class='ocrx_word' id='word_1_42' title='bbox 1182 567 1222 609; x_wconf 91' lang='lat' dir='ltr'>p.</span> <span class='ocrx_word' id='word_1_43' title='bbox 1257 553 1312 595; x_wconf 82' lang='lat'>78</span> <span class='ocrx_word' id='word_1_44' title='bbox 1343 551 1388 595; x_wconf 90' lang='lat' dir='ltr'>b:</span> <span class='ocrx_word' id='word_1_45' title='bbox 1422 556 1448 597; x_wconf 90' lang='grc' dir='ltr'><em>ὁ</em></span> <span class='ocrx_word' id='word_1_46' title='bbox 1478 553 1569 611; x_wconf 86' lang='grc' dir='ltr'>γὰρ</span> <span class='ocrx_word' id='word_1_47' title='bbox 1596 555 1897 607; x_wconf 81' lang='grc' dir='ltr'>ἀνέκπληκτος</span> <span class='ocrx_word' id='word_1_48' title='bbox 1917 557 1964 599; x_wconf 86' lang='grc' dir='ltr'>ἐν</span> 
     </span>
     <span class='ocr_line' id='line_1_6' title="bbox 250 622 1962 682; baseline 0.001 -13"><span class='ocrx_word' id='word_1_49' title='bbox 250 623 427 670; x_wconf 75' lang='grc' dir='ltr'>τούτοις</span> <span class='ocrx_word' id='word_1_50' title='bbox 454 625 526 670; x_wconf 78' lang='grc' dir='ltr'>καὶ</span> <span class='ocrx_word' id='word_1_51' title='bbox 554 623 774 681; x_wconf 69' lang='grc' dir='ltr'>ἄτεγκτος</span> <span class='ocrx_word' id='word_1_52' title='bbox 802 622 881 678; x_wconf 86' lang='grc' dir='ltr'>ἤδη</span> <span class='ocrx_word' id='word_1_53' title='bbox 911 623 1045 677; x_wconf 88' lang='grc' dir='ltr'>δῆλός</span> <span class='ocrx_word' id='word_1_54' title='bbox 1076 627 1189 669; x_wconf 87' lang='grc' dir='ltr'>ἐςτιν</span> <span class='ocrx_word' id='word_1_55' title='bbox 1220 625 1469 681; x_wconf 73' lang='grc' dir='ltr'>ειλημμένος</span> <span class='ocrx_word' id='word_1_56' title='bbox 1498 623 1548 678; x_wconf 87' lang='grc' dir='ltr'>ἣν</span> <span class='ocrx_word' id='word_1_57' title='bbox 1578 624 1787 682; x_wconf 86' lang='grc' dir='ltr'>προςήκει</span> <span class='ocrx_word' id='word_1_58' title='bbox 1818 623 1962 680; x_wconf 83' lang='grc' dir='ltr'>λαβὴν</span> 
     </span>
     <span class='ocr_line' id='line_1_7' title="bbox 250 694 1962 755; baseline -0.002 -14"><span class='ocrx_word' id='word_1_59' title='bbox 250 697 342 741; x_wconf 68' lang='grc' dir='ltr'>ὑπὸ</span> <span class='ocrx_word' id='word_1_60' title='bbox 373 696 653 755; x_wconf 85' lang='grc' dir='ltr'>φιλοςοφίας.</span> <span class='ocrx_word' id='word_1_61' title='bbox 685 721 744 726; x_wconf 89' lang='grc'><strong>-</strong></span> <span class='ocrx_word' id='word_1_62' title='bbox 775 696 904 738; x_wconf 89' lang='lat' dir='ltr'><strong>Dion.</strong></span> <span class='ocrx_word' id='word_1_63' title='bbox 949 695 1092 738; x_wconf 79' lang='lat' dir='ltr'><strong>Halic.</strong></span> <span class='ocrx_word' id='word_1_64' title='bbox 1136 695 1191 738; x_wconf 85' lang='lat' dir='ltr'>de</span> <span class='ocrx_word' id='word_1_65' title='bbox 1232 694 1346 738; x_wconf 81' lang='lat' dir='ltr'>adm.</span> <span class='ocrx_word' id='word_1_66' title='bbox 1378 696 1422 737; x_wconf 89' lang='lat' dir='ltr'>vi</span> <span class='ocrx_word' id='word_1_67' title='bbox 1456 697 1502 736; x_wconf 87' lang='lat' dir='ltr'>in</span> <span class='ocrx_word' id='word_1_68' title='bbox 1536 696 1661 738; x_wconf 79' lang='lat' dir='ltr'>Dem.</span> <span class='ocrx_word' id='word_1_69' title='bbox 1693 698 1719 749; x_wconf 68' lang='grc' dir='ltr'>ἓ</span> <span class='ocrx_word' id='word_1_70' title='bbox 1753 698 1807 738; x_wconf 75' lang='grc'>18</span> <span class='ocrx_word' id='word_1_71' title='bbox 1841 696 1892 752; x_wconf 89' lang='grc' dir='ltr'>(Ι,</span> <span class='ocrx_word' id='word_1_72' title='bbox 1921 711 1962 753; x_wconf 90' lang='lat' dir='ltr'>p.</span> 
     </span>
     <span class='ocr_line' id='line_1_8' title="bbox 251 765 1963 827; baseline 0.002 -18"><span class='ocrx_word' id='word_1_73' title='bbox 251 767 352 824; x_wconf 83' lang='lat'>166,</span> <span class='ocrx_word' id='word_1_74' title='bbox 387 769 438 810; x_wconf 80' lang='grc'>17</span> <span class='ocrx_word' id='word_1_75' title='bbox 470 766 643 823; x_wconf 81' lang='lat' dir='ltr'><strong>Usen.):</strong></span> <span class='ocrx_word' id='word_1_76' title='bbox 687 771 783 812; x_wconf 87' lang='grc' dir='ltr'>τοῖς</span> <span class='ocrx_word' id='word_1_77' title='bbox 822 765 1043 820; x_wconf 90' lang='grc' dir='ltr'>ἀθληταῖς</span> <span class='ocrx_word' id='word_1_78' title='bbox 1085 770 1165 820; x_wconf 82' lang='grc' dir='ltr'>τῆς</span> <span class='ocrx_word' id='word_1_79' title='bbox 1206 765 1418 820; x_wconf 86' lang='grc' dir='ltr'>ἀληθινῆς</span> <span class='ocrx_word' id='word_1_80' title='bbox 1461 766 1628 820; x_wconf 84' lang='grc' dir='ltr'>λέξεως</span> <span class='ocrx_word' id='word_1_81' title='bbox 1674 767 1851 827; x_wconf 86' lang='grc' dir='ltr'>ι’ςχυρὰς</span> <span class='ocrx_word' id='word_1_82' title='bbox 1880 767 1963 812; x_wconf 88' lang='grc' dir='ltr'>τὰς</span> 
     </span>
    </p>
   </div>
   <div class='ocr_carea' id='block_1_2' title="bbox 249 837 1375 987">
    <p class='ocr_par' dir='ltr' id='par_1_2' title="bbox 249 837 1375 987">
     <span class='ocr_line' id='line_1_9' title="bbox 249 837 1375 897; baseline 0 -14"><span class='ocrx_word' id='word_1_83' title='bbox 249 837 374 897; x_wconf 82' lang='grc' dir='ltr'>ἁφὰς</span> <span class='ocrx_word' id='word_1_84' title='bbox 402 842 628 896; x_wconf 91' lang='grc' dir='ltr'>προςεῖναι</span> <span class='ocrx_word' id='word_1_85' title='bbox 658 837 727 883; x_wconf 92' lang='grc' dir='ltr'>δεῖ</span> <span class='ocrx_word' id='word_1_86' title='bbox 749 839 821 883; x_wconf 78' lang='grc' dir='ltr'>καὶ</span> <span class='ocrx_word' id='word_1_87' title='bbox 851 839 1075 897; x_wconf 86' lang='grc' dir='ltr'>ἀφύκτους</span> <span class='ocrx_word' id='word_1_88' title='bbox 1103 838 1188 884; x_wconf 89' lang='grc' dir='ltr'>τὰς</span> <span class='ocrx_word' id='word_1_89' title='bbox 1215 837 1375 894; x_wconf 85' lang='grc' dir='ltr'>λαβάς.</span> 
     </span>
     <span class='ocr_line' id='line_1_10' title="bbox 1083 947 1124 987; baseline -0.024 0"><span class='ocrx_word' id='word_1_90' title='bbox 1083 947 1124 987; x_wconf 92' lang='grc'>4.</span> 
     </span>
    </p>
   </div>
   <div class='ocr_carea' id='block_1_3' title="bbox 245 1027 1961 1812">
    <p class='ocr_par' dir='ltr' id='par_1_3' title="bbox 533 1027 1631 1158">
     <span class='ocr_line' id='line_1_11' title="bbox 536 1027 1631 1085; baseline 0 -12"><span class='ocrx_word' id='word_1_91' title='bbox 536 1031 574 1074; x_wconf 88' lang='grc' dir='ltr'>εἰ</span> <span class='ocrx_word' id='word_1_92' title='bbox 602 1029 820 1085; x_wconf 83' lang='grc' dir='ltr'>πεύςομαί</span> <span class='ocrx_word' id='word_1_93' title='bbox 848 1029 951 1079; x_wconf 89' lang='grc' dir='ltr'>&lt;ςὲ</span> <span class='ocrx_word' id='word_1_94' title='bbox 980 1028 1114 1080; x_wconf 86' lang='grc' dir='ltr'>κᾶν&gt;</span> <span class='ocrx_word' id='word_1_95' title='bbox 1149 1030 1230 1073; x_wconf 92' lang='grc' dir='ltr'>τὸν</span> <span class='ocrx_word' id='word_1_96' title='bbox 1260 1027 1461 1081; x_wconf 85' lang='grc' dir='ltr'>ἀηδόνιον</span> <span class='ocrx_word' id='word_1_97' title='bbox 1490 1028 1631 1073; x_wconf 84' lang='grc' dir='ltr'>ὕπνον</span> 
     </span>
     <span class='ocr_line' id='line_1_12' title="bbox 533 1098 1519 1158; baseline -0.002 -13"><span class='ocrx_word' id='word_1_98' title='bbox 533 1103 613 1153; x_wconf 80' lang='grc' dir='ltr'>τῆς</span> <span class='ocrx_word' id='word_1_99' title='bbox 643 1102 797 1145; x_wconf 88' lang='grc' dir='ltr'>νυκτὸς</span> <span class='ocrx_word' id='word_1_100' title='bbox 828 1098 1169 1158; x_wconf 85' lang='grc' dir='ltr'>ἀποδαρθόντα,</span> <span class='ocrx_word' id='word_1_101' title='bbox 1200 1101 1359 1145; x_wconf 86' lang='grc' dir='ltr'>ςαυτὸν</span> <span class='ocrx_word' id='word_1_102' title='bbox 1389 1102 1519 1144; x_wconf 85' lang='grc' dir='ltr'>αι’τιῶ.</span> 
     </span>
    </p>

    <p class='ocr_par' dir='ltr' id='par_1_4' title="bbox 245 1181 1961 1812">
     <span class='ocr_line' id='line_1_13' title="bbox 393 1181 1960 1243; baseline 0.001 -18"><span class='ocrx_word' id='word_1_103' title='bbox 393 1181 517 1226; x_wconf 84' lang='lat' dir='ltr'><strong>Phot.</strong></span> <span class='ocrx_word' id='word_1_104' title='bbox 548 1182 689 1226; x_wconf 80' lang='lat' dir='ltr'><strong>Berol.</strong></span> <span class='ocrx_word' id='word_1_105' title='bbox 710 1183 781 1239; x_wconf 72' lang='grc'>39,</span> <span class='ocrx_word' id='word_1_106' title='bbox 807 1185 849 1227; x_wconf 83' lang='grc'>1;</span> <span class='ocrx_word' id='word_1_107' title='bbox 882 1182 1172 1236; x_wconf 88' lang='grc' dir='ltr'>ἀηδόνειος...</span> <span class='ocrx_word' id='word_1_108' title='bbox 1205 1183 1345 1228; x_wconf 72' lang='grc' dir='ltr'>ὕπνος</span> <span class='ocrx_word' id='word_1_109' title='bbox 1374 1181 1711 1243; x_wconf 83' lang='grc' dir='ltr'>Νικοχάρης·</span> <span class='ocrx_word' id='word_1_110' title='bbox 1744 1185 1806 1240; x_wconf 86' lang='grc' dir='ltr'>,εἰ</span> <span class='ocrx_word' id='word_1_111' title='bbox 1834 1182 1960 1227; x_wconf 82' lang='grc' dir='ltr'>πεύ-</span> 
     </span>
     <span class='ocr_line' id='line_1_14' title="bbox 248 1252 1960 1312; baseline -0.002 -12"><span class='ocrx_word' id='word_1_112' title='bbox 248 1272 412 1312; x_wconf 88' lang='grc' dir='ltr'>ςομαι</span> <span class='ocrx_word' id='word_1_113' title='bbox 441 1252 553 1300; x_wconf 80' lang='grc' dir='ltr'>κτλ.’</span> <span class='ocrx_word' id='word_1_114' title='bbox 584 1280 642 1285; x_wconf 91' lang='grc'><strong>-</strong></span> <span class='ocrx_word' id='word_1_115' title='bbox 673 1254 798 1297; x_wconf 80' lang='lat' dir='ltr'>Idem</span> <span class='ocrx_word' id='word_1_116' title='bbox 844 1253 1143 1310; x_wconf 77' lang='lat' dir='ltr'><strong>fragmentum</strong></span> <span class='ocrx_word' id='word_1_117' title='bbox 1191 1253 1438 1296; x_wconf 85' lang='lat' dir='ltr'><strong>mutilatum</strong></span> <span class='ocrx_word' id='word_1_118' title='bbox 1484 1255 1572 1296; x_wconf 84' lang='lat' dir='ltr'>iam</span> <span class='ocrx_word' id='word_1_119' title='bbox 1618 1269 1675 1296; x_wconf 84' lang='lat' dir='ltr'>ex</span> <span class='ocrx_word' id='word_1_120' title='bbox 1707 1253 1848 1296; x_wconf 84' lang='lat' dir='ltr'><strong>Bekk.</strong></span> <span class='ocrx_word' id='word_1_121' title='bbox 1882 1256 1960 1297; x_wconf 90' lang='lat' dir='ltr'>An.</span> 
     </span>
     <span class='ocr_line' id='line_1_15' title="bbox 248 1324 1961 1383; baseline -0.002 -13"><span class='ocrx_word' id='word_1_122' title='bbox 248 1326 349 1380; x_wconf 83' lang='lat'>349,</span> <span class='ocrx_word' id='word_1_123' title='bbox 380 1327 406 1370; x_wconf 90' lang='grc'>8</span> <span class='ocrx_word' id='word_1_124' title='bbox 437 1325 628 1368; x_wconf 86' lang='lat' dir='ltr'><strong>innotuit</strong></span> <span class='ocrx_word' id='word_1_125' title='bbox 666 1324 863 1383; x_wconf 87' lang='lat' dir='ltr'><strong>(Nicoch.</strong></span> <span class='ocrx_word' id='word_1_126' title='bbox 905 1325 958 1367; x_wconf 88' lang='lat' dir='ltr'>fr.</span> <span class='ocrx_word' id='word_1_127' title='bbox 995 1327 1051 1369; x_wconf 91' lang='lat'>16</span> <span class='ocrx_word' id='word_1_128' title='bbox 1085 1325 1154 1383; x_wconf 89' lang='lat' dir='ltr'>K).</span> <span class='ocrx_word' id='word_1_129' title='bbox 1185 1351 1242 1357; x_wconf 97' lang='lat'><strong>—</strong></span> <span class='ocrx_word' id='word_1_130' title='bbox 1273 1325 1364 1370; x_wconf 84' lang='lat' dir='ltr'><strong>cfr.</strong></span> <span class='ocrx_word' id='word_1_131' title='bbox 1394 1325 1563 1368; x_wconf 85' lang='lat' dir='ltr'><strong>Aelian.</strong></span> <span class='ocrx_word' id='word_1_132' title='bbox 1604 1325 1709 1367; x_wconf 84' lang='lat' dir='ltr'>Var.</span> <span class='ocrx_word' id='word_1_133' title='bbox 1750 1324 1847 1367; x_wconf 81' lang='lat' dir='ltr'>hist.</span> <span class='ocrx_word' id='word_1_134' title='bbox 1893 1326 1961 1379; x_wconf 79' lang='lat'>12,</span> 
     </span>
     <span class='ocr_line' id='line_1_16' title="bbox 247 1395 1959 1455; baseline 0.001 -15"><span class='ocrx_word' id='word_1_135' title='bbox 247 1396 325 1440; x_wconf 78' lang='lat'>20:</span> <span class='ocrx_word' id='word_1_136' title='bbox 355 1398 476 1454; x_wconf 68' lang='grc' dir='ltr'>λέγει</span> <span class='ocrx_word' id='word_1_137' title='bbox 520 1395 709 1443; x_wconf 85' lang='grc' dir='ltr'>Ἡςίοδος</span> <span class='ocrx_word' id='word_1_138' title='bbox 737 1398 817 1451; x_wconf 84' lang='grc' dir='ltr'>τὴν</span> <span class='ocrx_word' id='word_1_139' title='bbox 847 1396 1009 1451; x_wconf 86' lang='grc' dir='ltr'>ἀηδόνα</span> <span class='ocrx_word' id='word_1_140' title='bbox 1038 1399 1171 1455; x_wconf 87' lang='grc' dir='ltr'>μόνην</span> <span class='ocrx_word' id='word_1_141' title='bbox 1201 1395 1390 1455; x_wconf 80' lang='grc' dir='ltr'>ὀρνίθων</span> <span class='ocrx_word' id='word_1_142' title='bbox 1420 1399 1611 1455; x_wconf 83' lang='grc' dir='ltr'>ἀμοιρεῖν</span> <span class='ocrx_word' id='word_1_143' title='bbox 1639 1397 1781 1442; x_wconf 82' lang='grc' dir='ltr'>ὕπνου</span> <span class='ocrx_word' id='word_1_144' title='bbox 1800 1397 1871 1442; x_wconf 77' lang='grc' dir='ltr'>καὶ</span> <span class='ocrx_word' id='word_1_145' title='bbox 1890 1395 1959 1442; x_wconf 86' lang='grc' dir='ltr'>διὰ</span> 
     </span>
     <span class='ocr_line' id='line_1_17' title="bbox 246 1467 1959 1529; baseline -0.001 -15"><span class='ocrx_word' id='word_1_146' title='bbox 246 1471 404 1514; x_wconf 86' lang='grc' dir='ltr'>τελους</span> <span class='ocrx_word' id='word_1_147' title='bbox 433 1471 684 1527; x_wconf 82' lang='grc' dir='ltr'>ἀγρυπνεῖν.</span> <span class='ocrx_word' id='word_1_148' title='bbox 718 1469 820 1512; x_wconf 82' lang='lat' dir='ltr'>Hes.</span> <span class='ocrx_word' id='word_1_149' title='bbox 851 1467 1085 1522; x_wconf 83' lang='grc' dir='ltr'>ἀηδόνειος·</span> <span class='ocrx_word' id='word_1_150' title='bbox 1118 1470 1195 1514; x_wconf 77' lang='grc' dir='ltr'>ἐπὶ</span> <span class='ocrx_word' id='word_1_151' title='bbox 1222 1470 1299 1525; x_wconf 84' lang='grc' dir='ltr'>μὲν</span> <span class='ocrx_word' id='word_1_152' title='bbox 1328 1469 1469 1514; x_wconf 84' lang='grc' dir='ltr'>ὕπνου</span> <span class='ocrx_word' id='word_1_153' title='bbox 1508 1470 1564 1513; x_wconf 91' lang='grc' dir='ltr'>τὸ</span> <span class='ocrx_word' id='word_1_154' title='bbox 1596 1467 1840 1529; x_wconf 86' lang='grc' dir='ltr'>ἐλάχιςτον,</span> <span class='ocrx_word' id='word_1_155' title='bbox 1882 1468 1959 1512; x_wconf 78' lang='grc' dir='ltr'>ἐπὶ</span> 
     </span>
     <span class='ocr_line' id='line_1_18' title="bbox 248 1538 1958 1599; baseline -0.001 -14"><span class='ocrx_word' id='word_1_156' title='bbox 248 1538 299 1585; x_wconf 85' lang='grc' dir='ltr'>δὲ</span> <span class='ocrx_word' id='word_1_157' title='bbox 326 1540 472 1594; x_wconf 74' lang='grc' dir='ltr'>λύπης</span> <span class='ocrx_word' id='word_1_158' title='bbox 500 1542 556 1585; x_wconf 86' lang='grc' dir='ltr'>τὸ</span> <span class='ocrx_word' id='word_1_159' title='bbox 586 1539 909 1599; x_wconf 89' lang='grc' dir='ltr'>ςφοδρότατον.</span> <span class='ocrx_word' id='word_1_160' title='bbox 942 1539 1062 1583; x_wconf 88' lang='lat' dir='ltr'><strong>Suid.</strong></span> <span class='ocrx_word' id='word_1_161' title='bbox 1108 1539 1258 1594; x_wconf 85' lang='grc' dir='ltr'>ἀηδών·</span> <span class='ocrx_word' id='word_1_162' title='bbox 1300 1538 1390 1585; x_wconf 80' lang='grc' dir='ltr'>οὐδ’</span> <span class='ocrx_word' id='word_1_163' title='bbox 1423 1541 1550 1585; x_wconf 88' lang='grc' dir='ltr'>ὄςςον</span> <span class='ocrx_word' id='word_1_164' title='bbox 1590 1538 1771 1593; x_wconf 83' lang='grc' dir='ltr'>ἀηδόνες</span> <span class='ocrx_word' id='word_1_165' title='bbox 1812 1540 1958 1584; x_wconf 86' lang='grc' dir='ltr'>ὑπνώ-</span> 
     </span>
     <span class='ocr_line' id='line_1_19' title="bbox 246 1609 1957 1668; baseline -0.001 -11"><span class='ocrx_word' id='word_1_166' title='bbox 246 1629 373 1657; x_wconf 85' lang='grc' dir='ltr'>ουςιν.</span> <span class='ocrx_word' id='word_1_167' title='bbox 405 1611 602 1654; x_wconf 78' lang='lat' dir='ltr'><strong>Paroem.</strong></span> <span class='ocrx_word' id='word_1_168' title='bbox 642 1626 705 1667; x_wconf 84' lang='lat' dir='ltr'>gr.</span> <span class='ocrx_word' id='word_1_169' title='bbox 737 1611 772 1662; x_wconf 84' lang='grc' dir='ltr'>Ι,</span> <span class='ocrx_word' id='word_1_170' title='bbox 802 1626 843 1668; x_wconf 91' lang='lat' dir='ltr'>p.</span> <span class='ocrx_word' id='word_1_171' title='bbox 875 1612 976 1666; x_wconf 89' lang='lat'><strong>433,</strong></span> <span class='ocrx_word' id='word_1_172' title='bbox 1009 1614 1035 1655; x_wconf 89' lang='lat'><strong>7</strong></span> <span class='ocrx_word' id='word_1_173' title='bbox 1067 1610 1277 1654; x_wconf 84' lang='lat' dir='ltr'><strong>Leutsch:</strong></span> <span class='ocrx_word' id='word_1_174' title='bbox 1319 1609 1409 1656; x_wconf 86' lang='grc' dir='ltr'>οὐδ’</span> <span class='ocrx_word' id='word_1_175' title='bbox 1451 1612 1554 1656; x_wconf 88' lang='grc' dir='ltr'>ὅςον</span> <span class='ocrx_word' id='word_1_176' title='bbox 1595 1609 1775 1664; x_wconf 85' lang='grc' dir='ltr'>ἀηδόνες</span> <span class='ocrx_word' id='word_1_177' title='bbox 1814 1613 1957 1656; x_wconf 70' lang='grc' dir='ltr'>ὑπνοῖ</span> 
     </span>
     <span class='ocr_line' id='line_1_20' title="bbox 247 1680 1958 1742; baseline -0.003 -14"><span class='ocrx_word' id='word_1_178' title='bbox 247 1683 325 1728; x_wconf 75' lang='grc' dir='ltr'>ἐπὶ</span> <span class='ocrx_word' id='word_1_179' title='bbox 352 1687 439 1728; x_wconf 83' lang='grc' dir='ltr'>τῶν</span> <span class='ocrx_word' id='word_1_180' title='bbox 469 1683 821 1742; x_wconf 74' lang='grc' dir='ltr'>ἀγρυπνοῦντων·</span> <span class='ocrx_word' id='word_1_181' title='bbox 854 1682 962 1737; x_wconf 88' lang='grc' dir='ltr'>δήλη</span> <span class='ocrx_word' id='word_1_182' title='bbox 991 1683 1082 1742; x_wconf 87' lang='grc' dir='ltr'>γὰρ</span> <span class='ocrx_word' id='word_1_183' title='bbox 1114 1682 1219 1728; x_wconf 83' lang='grc' dir='ltr'>οὖςα</span> <span class='ocrx_word' id='word_1_184' title='bbox 1249 1685 1275 1736; x_wconf 81' lang='grc' dir='ltr'><em>ἡ</em></span> <span class='ocrx_word' id='word_1_185' title='bbox 1306 1681 1446 1736; x_wconf 87' lang='grc' dir='ltr'>ἀηδὼν</span> <span class='ocrx_word' id='word_1_186' title='bbox 1475 1684 1700 1740; x_wconf 90' lang='grc' dir='ltr'>ἀγρυπνεῖ.</span> <span class='ocrx_word' id='word_1_187' title='bbox 1718 1707 1775 1712; x_wconf 90' lang='grc'>-</span> <span class='ocrx_word' id='word_1_188' title='bbox 1792 1680 1958 1725; x_wconf 87' lang='lat' dir='ltr'><strong>obdor-</strong></span> 
     </span>
     <span class='ocr_line' id='line_1_21' title="bbox 245 1751 1956 1812; baseline 0.001 -16"><span class='ocrx_word' id='word_1_189' title='bbox 245 1753 436 1796; x_wconf 83' lang='lat' dir='ltr'><strong>miverat</strong></span> <span class='ocrx_word' id='word_1_190' title='bbox 462 1768 619 1797; x_wconf 83' lang='lat' dir='ltr'>servus</span> <span class='ocrx_word' id='word_1_191' title='bbox 639 1761 683 1797; x_wconf 86' lang='lat' dir='ltr'>et</span> <span class='ocrx_word' id='word_1_192' title='bbox 703 1769 777 1797; x_wconf 87' lang='lat' dir='ltr'>ero</span> <span class='ocrx_word' id='word_1_193' title='bbox 798 1770 845 1797; x_wconf 84' lang='lat' dir='ltr'>sc</span> <span class='ocrx_word' id='word_1_194' title='bbox 867 1769 1060 1811; x_wconf 84' lang='lat' dir='ltr'><strong>purgans</strong></span> <span class='ocrx_word' id='word_1_195' title='bbox 1092 1753 1279 1797; x_wconf 83' lang='lat' dir='ltr'><strong>dixerat:</strong></span> <span class='ocrx_word' id='word_1_196' title='bbox 1313 1752 1403 1799; x_wconf 82' lang='grc' dir='ltr'>οὐδ’</span> <span class='ocrx_word' id='word_1_197' title='bbox 1436 1753 1635 1807; x_wconf 89' lang='grc' dir='ltr'>ἀηδόνιον</span> <span class='ocrx_word' id='word_1_198' title='bbox 1663 1751 1956 1812; x_wconf 82' lang='grc' dir='ltr'>κατέδαρθον,</span> 
     </span>
    </p>
   </div>
   <div class='ocr_carea' id='block_1_4' title="bbox 245 1824 1957 2419">
    <p class='ocr_par' dir='ltr' id='par_1_5' title="bbox 246 1824 1457 1883">
     <span class='ocr_line' id='line_1_22' title="bbox 246 1824 1457 1883; baseline -0.002 -14"><span class='ocrx_word' id='word_1_199' title='bbox 246 1826 319 1869; x_wconf 81' lang='lat' dir='ltr'>eui</span> <span class='ocrx_word' id='word_1_200' title='bbox 350 1840 468 1869; x_wconf 82' lang='lat' dir='ltr'>erus:</span> <span class='ocrx_word' id='word_1_201' title='bbox 501 1829 538 1871; x_wconf 86' lang='grc' dir='ltr'>εἰ</span> <span class='ocrx_word' id='word_1_202' title='bbox 565 1826 783 1883; x_wconf 81' lang='grc' dir='ltr'>πεύςομαί</span> <span class='ocrx_word' id='word_1_203' title='bbox 806 1845 852 1871; x_wconf 92' lang='grc' dir='ltr'>ςε</span> <span class='ocrx_word' id='word_1_204' title='bbox 882 1824 990 1871; x_wconf 82' lang='grc' dir='ltr'>κτλ.’</span> <span class='ocrx_word' id='word_1_205' title='bbox 1022 1825 1170 1883; x_wconf 76' lang='lat' dir='ltr'>(Koek</span> <span class='ocrx_word' id='word_1_206' title='bbox 1201 1826 1239 1882; x_wconf 94' lang='grc' dir='ltr'>Ι,</span> <span class='ocrx_word' id='word_1_207' title='bbox 1268 1841 1308 1882; x_wconf 89' lang='lat' dir='ltr'>p.</span> <span class='ocrx_word' id='word_1_208' title='bbox 1341 1826 1457 1875; x_wconf 81' lang='lat'><strong>774).</strong></span> 
     </span>
    </p>

    <p class='ocr_par' dir='ltr' id='par_1_6' title="bbox 245 1892 1957 2419">
     <span class='ocr_line' id='line_1_23' title="bbox 387 1892 1957 1942; baseline -0.003 -8"><span class='ocrx_word' id='word_1_209' title='bbox 387 1910 424 1934; x_wconf 79' lang='lat' dir='ltr'>v.</span> <span class='ocrx_word' id='word_1_210' title='bbox 450 1897 483 1932; x_wconf 88' lang='lat'>1.</span> <span class='ocrx_word' id='word_1_211' title='bbox 508 1896 671 1938; x_wconf 82' lang='grc' dir='ltr'>ἀηδόνιος</span> <span class='ocrx_word' id='word_1_212' title='bbox 694 1895 858 1942; x_wconf 69' lang='lat' dir='ltr'><strong>Wilam]</strong></span> <span class='ocrx_word' id='word_1_213' title='bbox 885 1896 1066 1938; x_wconf 80' lang='grc' dir='ltr'>ἀηδόνειος</span> <span class='ocrx_word' id='word_1_214' title='bbox 1090 1897 1121 1932; x_wconf 82' lang='lat' dir='ltr'>b.</span> <span class='ocrx_word' id='word_1_215' title='bbox 1150 1917 1192 1922; x_wconf 92' lang='lat'><strong>—</strong></span> <span class='ocrx_word' id='word_1_216' title='bbox 1220 1898 1253 1932; x_wconf 81' lang='lat'>2.</span> <span class='ocrx_word' id='word_1_217' title='bbox 1280 1894 1542 1942; x_wconf 80' lang='grc' dir='ltr'>ἀποδαρθόντα</span> <span class='ocrx_word' id='word_1_218' title='bbox 1567 1893 1670 1940; x_wconf 90' lang='lat' dir='ltr'><strong>Wil.]</strong></span> <span class='ocrx_word' id='word_1_219' title='bbox 1697 1892 1957 1941; x_wconf 73' lang='grc' dir='ltr'>ἀποδαρθέντα</span> 
     </span>
     <span class='ocr_line' id='line_1_24' title="bbox 245 1954 1955 2004; baseline -0.003 -11"><span class='ocrx_word' id='word_1_220' title='bbox 245 1957 327 1993; x_wconf 81' lang='lat' dir='ltr'>cod.</span> <span class='ocrx_word' id='word_1_221' title='bbox 352 1957 384 1992; x_wconf 82' lang='lat' dir='ltr'>b.</span> <span class='ocrx_word' id='word_1_222' title='bbox 410 1975 455 1982; x_wconf 88' lang='lat'>—-</span> <span class='ocrx_word' id='word_1_223' title='bbox 479 1955 621 1993; x_wconf 82' lang='lat' dir='ltr'>Versus</span> <span class='ocrx_word' id='word_1_224' title='bbox 644 1957 698 1993; x_wconf 79' lang='lat' dir='ltr'>sic</span> <span class='ocrx_word' id='word_1_225' title='bbox 721 1961 764 1993; x_wconf 84' lang='lat' dir='ltr'>ut</span> <span class='ocrx_word' id='word_1_226' title='bbox 788 1958 920 2004; x_wconf 80' lang='lat' dir='ltr'>scripsi</span> <span class='ocrx_word' id='word_1_227' title='bbox 945 1958 1133 2004; x_wconf 80' lang='lat' dir='ltr'>supplevit</span> <span class='ocrx_word' id='word_1_228' title='bbox 1165 1957 1412 1993; x_wconf 80' lang='lat' dir='ltr'><strong>Wilamowitz</strong></span> <span class='ocrx_word' id='word_1_229' title='bbox 1445 1955 1668 2002; x_wconf 79' lang='lat' dir='ltr'>(Sitzungsb.</span> <span class='ocrx_word' id='word_1_230' title='bbox 1706 1954 1809 2000; x_wconf 87' lang='grc'><strong>1907,</strong></span> <span class='ocrx_word' id='word_1_231' title='bbox 1835 1955 1881 1998; x_wconf 86' lang='grc'>3).</span> <span class='ocrx_word' id='word_1_232' title='bbox 1907 1977 1955 1983; x_wconf 92' lang='grc'><strong>-</strong></span> 
     </span>
     <span class='ocr_line' id='line_1_25' title="bbox 245 2013 1957 2063; baseline -0.003 -10"><span class='ocrx_word' id='word_1_233' title='bbox 245 2016 495 2053; x_wconf 74' lang='lat' dir='ltr'><strong>Reitzenstein</strong></span> <span class='ocrx_word' id='word_1_234' title='bbox 519 2015 568 2063; x_wconf 90' lang='lat' dir='ltr'>(p.</span> <span class='ocrx_word' id='word_1_235' title='bbox 593 2015 742 2060; x_wconf 84' lang='lat' dir='ltr'><strong>XXIV)</strong></span> <span class='ocrx_word' id='word_1_236' title='bbox 767 2018 911 2053; x_wconf 71' lang='lat' dir='ltr'><strong>collatis</strong></span> <span class='ocrx_word' id='word_1_237' title='bbox 943 2017 1107 2053; x_wconf 81' lang='lat' dir='ltr'><strong>eiusdem</strong></span> <span class='ocrx_word' id='word_1_238' title='bbox 1140 2015 1251 2052; x_wconf 87' lang='lat' dir='ltr'><strong>Phot.</strong></span> <span class='ocrx_word' id='word_1_239' title='bbox 1284 2017 1404 2052; x_wconf 81' lang='lat' dir='ltr'><strong>Berol.</strong></span> <span class='ocrx_word' id='word_1_240' title='bbox 1443 2015 1501 2060; x_wconf 84' lang='lat'>39,</span> <span class='ocrx_word' id='word_1_241' title='bbox 1533 2014 1573 2050; x_wconf 81' lang='lat'>4:</span> <span class='ocrx_word' id='word_1_242' title='bbox 1609 2013 1769 2055; x_wconf 85' lang='grc' dir='ltr'>ἀηδόνος·</span> <span class='ocrx_word' id='word_1_243' title='bbox 1806 2013 1863 2049; x_wconf 79' lang='grc' dir='ltr'>ἐπὶ</span> <span class='ocrx_word' id='word_1_244' title='bbox 1895 2013 1957 2058; x_wconf 87' lang='grc' dir='ltr'>μὲν</span> 
     </span>
     <span class='ocr_line' id='line_1_26' title="bbox 245 2072 1952 2124; baseline -0.002 -14"><span class='ocrx_word' id='word_1_245' title='bbox 245 2073 358 2110; x_wconf 75' lang='grc' dir='ltr'>ὕπνου</span> <span class='ocrx_word' id='word_1_246' title='bbox 380 2074 427 2110; x_wconf 89' lang='grc' dir='ltr'>τὸ</span> <span class='ocrx_word' id='word_1_247' title='bbox 451 2073 651 2124; x_wconf 81' lang='grc' dir='ltr'>ἐλάχιςτον,</span> <span class='ocrx_word' id='word_1_248' title='bbox 678 2075 735 2110; x_wconf 79' lang='grc' dir='ltr'>ἐπὶ</span> <span class='ocrx_word' id='word_1_249' title='bbox 761 2074 799 2111; x_wconf 83' lang='grc' dir='ltr'>δὲ</span> <span class='ocrx_word' id='word_1_250' title='bbox 822 2075 938 2117; x_wconf 83' lang='grc' dir='ltr'>λύπης</span> <span class='ocrx_word' id='word_1_251' title='bbox 961 2075 1008 2111; x_wconf 90' lang='grc' dir='ltr'>τὸ</span> <span class='ocrx_word' id='word_1_252' title='bbox 1033 2074 1290 2121; x_wconf 81' lang='grc' dir='ltr'>ςφοδρότατον</span> <span class='ocrx_word' id='word_1_253' title='bbox 1314 2076 1573 2122; x_wconf 78' lang='lat' dir='ltr'><strong>corrigendum</strong></span> <span class='ocrx_word' id='word_1_254' title='bbox 1590 2074 1783 2120; x_wconf 84' lang='lat' dir='ltr'>proponit:</span> <span class='ocrx_word' id='word_1_255' title='bbox 1809 2075 1842 2108; x_wconf 86' lang='grc' dir='ltr'>εἰ</span> <span class='ocrx_word' id='word_1_256' title='bbox 1864 2072 1952 2108; x_wconf 88' lang='grc' dir='ltr'>πεύ-</span> 
     </span>
     <span class='ocr_line' id='line_1_27' title="bbox 246 2132 1951 2179; baseline 0 -10"><span class='ocrx_word' id='word_1_257' title='bbox 246 2134 351 2179; x_wconf 65' lang='lat' dir='ltr'>copta!</span> <span class='ocrx_word' id='word_1_258' title='bbox 378 2139 498 2173; x_wconf 84' lang='grc' dir='ltr'>&lt;ςε&gt;</span> <span class='ocrx_word' id='word_1_259' title='bbox 526 2137 600 2170; x_wconf 77' lang='grc' dir='ltr'>τῶν</span> <span class='ocrx_word' id='word_1_260' title='bbox 622 2134 779 2176; x_wconf 83' lang='grc' dir='ltr'>ἀηδόνων</span> <span class='ocrx_word' id='word_1_261' title='bbox 802 2133 912 2170; x_wconf 80' lang='grc' dir='ltr'>ὕπνον</span> <span class='ocrx_word' id='word_1_262' title='bbox 936 2137 1014 2170; x_wconf 85' lang='grc' dir='ltr'>κτλ.</span> <span class='ocrx_word' id='word_1_263' title='bbox 1043 2155 1086 2160; x_wconf 89' lang='grc'>-</span> <span class='ocrx_word' id='word_1_264' title='bbox 1103 2136 1288 2172; x_wconf 80' lang='lat' dir='ltr'><strong>Leeuwen</strong></span> <span class='ocrx_word' id='word_1_265' title='bbox 1314 2135 1462 2178; x_wconf 81' lang='lat' dir='ltr'><strong>(Mnem.</strong></span> <span class='ocrx_word' id='word_1_266' title='bbox 1487 2147 1523 2169; x_wconf 91' lang='lat' dir='ltr'>n.</span> <span class='ocrx_word' id='word_1_267' title='bbox 1551 2133 1656 2179; x_wconf 82' lang='lat'>1907,</span> <span class='ocrx_word' id='word_1_268' title='bbox 1682 2132 1768 2178; x_wconf 83' lang='lat'>256)</span> <span class='ocrx_word' id='word_1_269' title='bbox 1792 2133 1951 2169; x_wconf 76' lang='lat' dir='ltr'><strong>formam</strong></span> 
     </span>
     <span class='ocr_line' id='line_1_28' title="bbox 246 2192 1955 2240; baseline -0.001 -11"><span class='ocrx_word' id='word_1_270' title='bbox 246 2194 420 2230; x_wconf 73' lang='lat' dir='ltr'><strong>traditam</strong></span> <span class='ocrx_word' id='word_1_271' title='bbox 444 2192 625 2235; x_wconf 82' lang='grc' dir='ltr'>ἀηδόνειος</span> <span class='ocrx_word' id='word_1_272' title='bbox 649 2195 815 2231; x_wconf 79' lang='lat' dir='ltr'><strong>defendit</strong></span> <span class='ocrx_word' id='word_1_273' title='bbox 839 2196 983 2232; x_wconf 81' lang='lat' dir='ltr'><strong>collatis</strong></span> <span class='ocrx_word' id='word_1_274' title='bbox 1008 2196 1090 2231; x_wconf 80' lang='lat' dir='ltr'><strong>aliis</strong></span> <span class='ocrx_word' id='word_1_275' title='bbox 1116 2195 1320 2240; x_wconf 79' lang='lat' dir='ltr'><strong>adiectivis,</strong></span> <span class='ocrx_word' id='word_1_276' title='bbox 1347 2206 1443 2240; x_wconf 85' lang='lat' dir='ltr'><strong>quae</strong></span> <span class='ocrx_word' id='word_1_277' title='bbox 1468 2194 1514 2230; x_wconf 83' lang='lat' dir='ltr'>ab</span> <span class='ocrx_word' id='word_1_278' title='bbox 1533 2193 1774 2229; x_wconf 79' lang='lat' dir='ltr'><strong>animantium</strong></span> <span class='ocrx_word' id='word_1_279' title='bbox 1800 2193 1955 2228; x_wconf 86' lang='lat' dir='ltr'><strong>nomini-</strong></span> 
     </span>
     <span class='ocr_line' id='line_1_29' title="bbox 246 2251 1953 2297; baseline -0.001 -7"><span class='ocrx_word' id='word_1_280' title='bbox 246 2253 319 2290; x_wconf 74' lang='lat' dir='ltr'>bus</span> <span class='ocrx_word' id='word_1_281' title='bbox 343 2254 456 2290; x_wconf 75' lang='lat' dir='ltr'><strong>dueta</strong></span> <span class='ocrx_word' id='word_1_282' title='bbox 478 2258 575 2291; x_wconf 75' lang='lat' dir='ltr'><strong>sunt.</strong></span> <span class='ocrx_word' id='word_1_283' title='bbox 600 2258 643 2290; x_wconf 86' lang='lat' dir='ltr'>ut</span> <span class='ocrx_word' id='word_1_284' title='bbox 666 2252 801 2289; x_wconf 81' lang='grc' dir='ltr'>κύνειος</span> <span class='ocrx_word' id='word_1_285' title='bbox 826 2253 967 2289; x_wconf 80' lang='grc' dir='ltr'>ἴππειος</span> <span class='ocrx_word' id='word_1_286' title='bbox 991 2251 1124 2297; x_wconf 86' lang='grc' dir='ltr'>βόειος.</span> <span class='ocrx_word' id='word_1_287' title='bbox 1151 2254 1204 2290; x_wconf 82' lang='lat' dir='ltr'>At</span> <span class='ocrx_word' id='word_1_288' title='bbox 1228 2254 1386 2290; x_wconf 81' lang='lat' dir='ltr'><strong>formam</strong></span> <span class='ocrx_word' id='word_1_289' title='bbox 1403 2251 1566 2294; x_wconf 85' lang='grc' dir='ltr'>ἀηδόνιος</span> <span class='ocrx_word' id='word_1_290' title='bbox 1583 2253 1699 2289; x_wconf 84' lang='lat' dir='ltr'><strong>solam</strong></span> <span class='ocrx_word' id='word_1_291' title='bbox 1716 2264 1797 2288; x_wconf 80' lang='lat' dir='ltr'><strong>esse</strong></span> <span class='ocrx_word' id='word_1_292' title='bbox 1815 2256 1953 2288; x_wconf 76' lang='lat' dir='ltr'><strong>rectam</strong></span> 
     </span>
     <span class='ocr_line' id='line_1_30' title="bbox 246 2312 1953 2361; baseline -0.001 -13"><span class='ocrx_word' id='word_1_293' title='bbox 246 2312 322 2349; x_wconf 71' lang='lat' dir='ltr'>iam</span> <span class='ocrx_word' id='word_1_294' title='bbox 346 2313 536 2349; x_wconf 78' lang='lat' dir='ltr'><strong>Hermann</strong></span> <span class='ocrx_word' id='word_1_295' title='bbox 562 2313 707 2360; x_wconf 81' lang='lat' dir='ltr'><strong>(Opusc.</strong></span> <span class='ocrx_word' id='word_1_296' title='bbox 731 2315 797 2360; x_wconf 88' lang='lat'>111,</span> <span class='ocrx_word' id='word_1_297' title='bbox 822 2313 904 2358; x_wconf 80' lang='lat'><strong>306)</strong></span> <span class='ocrx_word' id='word_1_298' title='bbox 931 2315 1166 2361; x_wconf 80' lang='lat' dir='ltr'><strong>probaverat.</strong></span> <span class='ocrx_word' id='word_1_299' title='bbox 1192 2315 1296 2350; x_wconf 85' lang='lat' dir='ltr'><strong>Idem</strong></span> <span class='ocrx_word' id='word_1_300' title='bbox 1315 2314 1499 2349; x_wconf 82' lang='lat' dir='ltr'><strong>Leeuwen</strong></span> <span class='ocrx_word' id='word_1_301' title='bbox 1520 2324 1669 2349; x_wconf 84' lang='lat' dir='ltr'><strong>versum</strong></span> <span class='ocrx_word' id='word_1_302' title='bbox 1687 2312 1848 2358; x_wconf 87' lang='lat' dir='ltr'><strong>primum</strong></span> <span class='ocrx_word' id='word_1_303' title='bbox 1866 2312 1953 2347; x_wconf 82' lang='lat' dir='ltr'><strong>scri-</strong></span> 
     </span>
     <span class='ocr_line' id='line_1_31' title="bbox 246 2370 1952 2419; baseline -0.001 -11"><span class='ocrx_word' id='word_1_304' title='bbox 246 2371 409 2408; x_wconf 80' lang='lat' dir='ltr'><strong>bendum</strong></span> <span class='ocrx_word' id='word_1_305' title='bbox 433 2373 624 2419; x_wconf 84' lang='lat' dir='ltr'><strong>proponit:</strong></span> <span class='ocrx_word' id='word_1_306' title='bbox 649 2374 682 2407; x_wconf 85' lang='grc' dir='ltr'>εἰ</span> <span class='ocrx_word' id='word_1_307' title='bbox 702 2372 874 2418; x_wconf 77' lang='grc' dir='ltr'>πεύςομαι</span> <span class='ocrx_word' id='word_1_308' title='bbox 897 2372 963 2408; x_wconf 84' lang='grc' dir='ltr'>τὸν</span> <span class='ocrx_word' id='word_1_309' title='bbox 988 2372 1169 2414; x_wconf 81' lang='grc' dir='ltr'>ἀηδόνειον</span> <span class='ocrx_word' id='word_1_310' title='bbox 1192 2372 1379 2417; x_wconf 87' lang='grc' dir='ltr'>&lt;μόνον&gt;</span> <span class='ocrx_word' id='word_1_311' title='bbox 1402 2370 1511 2407; x_wconf 79' lang='grc' dir='ltr'>ὕπνον</span> <span class='ocrx_word' id='word_1_312' title='bbox 1536 2372 1627 2409; x_wconf 87' lang='grc' dir='ltr'>κτλ.,</span> <span class='ocrx_word' id='word_1_313' title='bbox 1653 2372 1755 2418; x_wconf 90' lang='lat' dir='ltr'><strong>quod</strong></span> <span class='ocrx_word' id='word_1_314' title='bbox 1781 2372 1853 2407; x_wconf 81' lang='lat' dir='ltr'>iam</span> <span class='ocrx_word' id='word_1_315' title='bbox 1879 2371 1952 2407; x_wconf 86' lang='lat' dir='ltr'>Na·</span> 
     </span>
    </p>
   </div>
   <div class='ocr_carea' id='block_1_5' title="bbox 247 2430 1008 2478">
    <p class='ocr_par' dir='ltr' id='par_1_7' title="bbox 247 2430 1008 2478">
     <span class='ocr_line' id='line_1_32' title="bbox 247 2430 1008 2478; baseline 0.003 -11"><span class='ocrx_word' id='word_1_316' title='bbox 247 2431 316 2467; x_wconf 81' lang='lat' dir='ltr'>ber</span> <span class='ocrx_word' id='word_1_317' title='bbox 339 2430 487 2476; x_wconf 79' lang='lat' dir='ltr'><strong>(Mnem.</strong></span> <span class='ocrx_word' id='word_1_318' title='bbox 513 2444 549 2467; x_wconf 90' lang='lat' dir='ltr'>n.</span> <span class='ocrx_word' id='word_1_319' title='bbox 575 2431 678 2471; x_wconf 84' lang='lat'>1880,</span> <span class='ocrx_word' id='word_1_320' title='bbox 704 2431 764 2478; x_wconf 73' lang='lat'>41)</span> <span class='ocrx_word' id='word_1_321' title='bbox 790 2434 1008 2470; x_wconf 85' lang='lat' dir='ltr'><strong>coniecerat.</strong></span> 
     </span>
    </p>
   </div>
   <div class='ocr_carea' id='block_1_6' title="bbox 244 2529 1952 3107">
    <p class='ocr_par' dir='ltr' id='par_1_8' title="bbox 997 2529 1208 2670">
     <span class='ocr_line' id='line_1_33' title="bbox 1078 2529 1118 2571; baseline 0 0"><span class='ocrx_word' id='word_1_322' title='bbox 1078 2529 1118 2571; x_wconf 82' lang='lat'>5.</span> 
     </span>
     <span class='ocr_line' id='line_1_34' title="bbox 997 2610 1208 2670; baseline -0.005 -13"><span class='ocrx_word' id='word_1_323' title='bbox 997 2610 1208 2670; x_wconf 85' lang='grc' dir='ltr'>ἀμιθρεῖν.</span> 
     </span>
    </p>

    <p class='ocr_par' dir='ltr' id='par_1_9' title="bbox 244 2691 1952 3107">
     <span class='ocr_line' id='line_1_35' title="bbox 389 2691 1951 2752; baseline 0.001 -18"><span class='ocrx_word' id='word_1_324' title='bbox 389 2691 511 2735; x_wconf 89' lang='lat' dir='ltr'><strong>Phot.</strong></span> <span class='ocrx_word' id='word_1_325' title='bbox 542 2692 678 2736; x_wconf 83' lang='lat' dir='ltr'><strong>Berol.</strong></span> <span class='ocrx_word' id='word_1_326' title='bbox 721 2693 791 2747; x_wconf 83' lang='grc'>92,</span> <span class='ocrx_word' id='word_1_327' title='bbox 822 2694 867 2736; x_wconf 89' lang='lat'>6:</span> <span class='ocrx_word' id='word_1_328' title='bbox 910 2692 1121 2752; x_wconf 80' lang='grc' dir='ltr'>ἀμιθρεῖν·</span> <span class='ocrx_word' id='word_1_329' title='bbox 1166 2696 1222 2739; x_wconf 92' lang='grc' dir='ltr'>τὸ</span> <span class='ocrx_word' id='word_1_330' title='bbox 1264 2691 1475 2752; x_wconf 84' lang='grc' dir='ltr'>ἀριθμεῖν’</span> <span class='ocrx_word' id='word_1_331' title='bbox 1519 2691 1860 2752; x_wconf 82' lang='grc' dir='ltr'>Νικοχάρης.</span> <span class='ocrx_word' id='word_1_332' title='bbox 1894 2715 1951 2721; x_wconf 88' lang='grc'>--</span> 
     </span>
     <span class='ocr_line' id='line_1_36' title="bbox 245 2761 1952 2822; baseline 0.001 -17"><span class='ocrx_word' id='word_1_333' title='bbox 245 2763 367 2806; x_wconf 70' lang='lat' dir='ltr'><strong>Eunt.</strong></span> <span class='ocrx_word' id='word_1_334' title='bbox 400 2779 439 2820; x_wconf 92' lang='lat' dir='ltr'>p.</span> <span class='ocrx_word' id='word_1_335' title='bbox 472 2764 600 2820; x_wconf 88' lang='lat'>1801,</span> <span class='ocrx_word' id='word_1_336' title='bbox 631 2765 706 2807; x_wconf 81' lang='lat'>21:</span> <span class='ocrx_word' id='word_1_337' title='bbox 739 2766 881 2810; x_wconf 81' lang='grc' dir='ltr'>ι’ςτέον</span> <span class='ocrx_word' id='word_1_338' title='bbox 901 2764 950 2810; x_wconf 87' lang='grc' dir='ltr'>δὲ</span> <span class='ocrx_word' id='word_1_339' title='bbox 980 2766 1049 2810; x_wconf 89' lang='grc' dir='ltr'>ὄτι</span> <span class='ocrx_word' id='word_1_340' title='bbox 1087 2762 1283 2822; x_wconf 87' lang='grc' dir='ltr'>Όμηρος</span> <span class='ocrx_word' id='word_1_341' title='bbox 1311 2765 1387 2821; x_wconf 88' lang='grc' dir='ltr'>μὲν</span> <span class='ocrx_word' id='word_1_342' title='bbox 1417 2767 1443 2809; x_wconf 87' lang='grc' dir='ltr'>ὁ</span> <span class='ocrx_word' id='word_1_343' title='bbox 1474 2764 1634 2820; x_wconf 88' lang='grc' dir='ltr'>γλυκὺς</span> <span class='ocrx_word' id='word_1_344' title='bbox 1664 2761 1864 2821; x_wconf 86' lang='grc' dir='ltr'>ἀριθμεῖν</span> <span class='ocrx_word' id='word_1_345' title='bbox 1883 2762 1952 2806; x_wconf 81' lang='grc' dir='ltr'>καὶ</span> 
     </span>
     <span class='ocr_line' id='line_1_37' title="bbox 247 2834 1950 2896; baseline -0.002 -16"><span class='ocrx_word' id='word_1_346' title='bbox 247 2839 319 2880; x_wconf 86' lang='grc' dir='ltr'>νῦν</span> <span class='ocrx_word' id='word_1_347' title='bbox 348 2835 418 2880; x_wconf 81' lang='grc' dir='ltr'>καὶ</span> <span class='ocrx_word' id='word_1_348' title='bbox 448 2837 651 2896; x_wconf 83' lang='grc' dir='ltr'>ἀλλαχοῦ</span> <span class='ocrx_word' id='word_1_349' title='bbox 679 2837 799 2892; x_wconf 84' lang='grc' dir='ltr'>λέγει</span> <span class='ocrx_word' id='word_1_350' title='bbox 829 2837 1093 2894; x_wconf 88' lang='grc' dir='ltr'>κοινότερον·</span> <span class='ocrx_word' id='word_1_351' title='bbox 1135 2837 1397 2892; x_wconf 83' lang='grc' dir='ltr'>καινολόγος</span> <span class='ocrx_word' id='word_1_352' title='bbox 1426 2834 1477 2880; x_wconf 91' lang='grc' dir='ltr'>δέ</span> <span class='ocrx_word' id='word_1_353' title='bbox 1503 2853 1571 2886; x_wconf 82' lang='grc' dir='ltr'>τις</span> <span class='ocrx_word' id='word_1_354' title='bbox 1600 2834 1787 2886; x_wconf 84' lang='grc' dir='ltr'>ποιητὴς</span> <span class='ocrx_word' id='word_1_355' title='bbox 1815 2850 1950 2889; x_wconf 86' lang='grc' dir='ltr'>μετα-</span> 
     </span>
     <span class='ocr_line' id='line_1_38' title="bbox 244 2902 1951 2965; baseline -0.005 -14"><span class='ocrx_word' id='word_1_356' title='bbox 244 2904 344 2951; x_wconf 80' lang='grc' dir='ltr'>θεῖς</span> <span class='ocrx_word' id='word_1_357' title='bbox 375 2904 574 2964; x_wconf 82' lang='grc' dir='ltr'>ἀμιθρεῖν</span> <span class='ocrx_word' id='word_1_358' title='bbox 602 2907 721 2962; x_wconf 88' lang='grc' dir='ltr'>λέγει</span> <span class='ocrx_word' id='word_1_359' title='bbox 751 2908 807 2951; x_wconf 91' lang='grc' dir='ltr'>τὸ</span> <span class='ocrx_word' id='word_1_360' title='bbox 838 2905 1050 2965; x_wconf 87' lang='grc' dir='ltr'>ἀριθμεῖν,</span> <span class='ocrx_word' id='word_1_361' title='bbox 1097 2905 1415 2949; x_wconf 78' lang='lat' dir='ltr'><strong>Callimachum</strong></span> <span class='ocrx_word' id='word_1_362' title='bbox 1456 2905 1572 2947; x_wconf 85' lang='lat' dir='ltr'><strong>haud</strong></span> <span class='ocrx_word' id='word_1_363' title='bbox 1615 2904 1746 2946; x_wconf 87' lang='lat' dir='ltr'><strong>dubie</strong></span> <span class='ocrx_word' id='word_1_364' title='bbox 1788 2902 1951 2958; x_wconf 80' lang='lat' dir='ltr'><strong>dicens,</strong></span> 
     </span>
     <span class='ocr_line' id='line_1_39' title="bbox 244 2973 1950 3036; baseline -0.003 -17"><span class='ocrx_word' id='word_1_365' title='bbox 244 2977 319 3034; x_wconf 89' lang='lat' dir='ltr'>qui</span> <span class='ocrx_word' id='word_1_366' title='bbox 353 2978 446 3022; x_wconf 85' lang='lat' dir='ltr'>Cer.</span> <span class='ocrx_word' id='word_1_367' title='bbox 478 2977 552 3021; x_wconf 87' lang='lat'>86:</span> <span class='ocrx_word' id='word_1_368' title='bbox 596 2975 623 3030; x_wconf 85' lang='grc' dir='ltr'><strong><em>ἦ</em></strong></span> <span class='ocrx_word' id='word_1_369' title='bbox 653 2980 700 3022; x_wconf 86' lang='grc' dir='ltr'>έν</span> <span class='ocrx_word' id='word_1_370' title='bbox 745 2974 909 3035; x_wconf 87' lang='grc' dir='ltr'>Ὀθρυι</span> <span class='ocrx_word' id='word_1_371' title='bbox 951 2975 1109 3034; x_wconf 69' lang='grc' dir='ltr'>ποίμνί</span> <span class='ocrx_word' id='word_1_372' title='bbox 1153 2975 1334 3036; x_wconf 83' lang='grc' dir='ltr'>ἀμιθρεῖ</span> <span class='ocrx_word' id='word_1_373' title='bbox 1369 2978 1615 3034; x_wconf 82' lang='lat' dir='ltr'>scripserat.</span> <span class='ocrx_word' id='word_1_374' title='bbox 1648 3001 1703 3005; x_wconf 97' lang='lat'><strong>—</strong></span> <span class='ocrx_word' id='word_1_375' title='bbox 1737 2975 1804 3016; x_wconf 82' lang='lat' dir='ltr'>Et.</span> <span class='ocrx_word' id='word_1_376' title='bbox 1835 2973 1950 3030; x_wconf 82' lang='lat' dir='ltr'>Mag.</span> 
     </span>
     <span class='ocr_line' id='line_1_40' title="bbox 246 3043 1948 3107; baseline -0.002 -15"><span class='ocrx_word' id='word_1_377' title='bbox 246 3048 316 3101; x_wconf 82' lang='lat'>83,</span> <span class='ocrx_word' id='word_1_378' title='bbox 346 3049 423 3092; x_wconf 84' lang='lat'>42:</span> <span class='ocrx_word' id='word_1_379' title='bbox 456 3046 701 3107; x_wconf 83' lang='grc' dir='ltr'>ἀμιθρῆςαι·</span> <span class='ocrx_word' id='word_1_380' title='bbox 733 3046 961 3105; x_wconf 88' lang='grc' dir='ltr'>Σιμωνίδης</span> <span class='ocrx_word' id='word_1_381' title='bbox 990 3050 1070 3093; x_wconf 91' lang='grc' dir='ltr'>τὸν</span> <span class='ocrx_word' id='word_1_382' title='bbox 1101 3046 1291 3106; x_wconf 88' lang='grc' dir='ltr'>ἀριθμὸν</span> <span class='ocrx_word' id='word_1_383' title='bbox 1322 3046 1511 3106; x_wconf 84' lang='grc' dir='ltr'>ἀμιθρὸν</span> <span class='ocrx_word' id='word_1_384' title='bbox 1542 3047 1640 3092; x_wconf 84' lang='grc' dir='ltr'>εἶπε</span> <span class='ocrx_word' id='word_1_385' title='bbox 1670 3043 1776 3091; x_wconf 83' lang='grc' dir='ltr'>καθ’</span> <span class='ocrx_word' id='word_1_386' title='bbox 1810 3046 1948 3101; x_wconf 83' lang='grc' dir='ltr'>ὑπέρ-</span> 
     </span>
    </p>
   </div>
  </div>
 </body>
</html>
