2280 3626
326 209 353 252 8
951 226 1124 254 munus
1143 219 1403 255 nmuozunt
1934 209 2034 259 [ΒΗ]

964 352 1359 398 ANTIPHANES.

1159 438 1196 479 1.

464 505 557 550 The
587 506 917 567 Oxyrhynchus
947 506 1110 567 Papyri
1141 507 1224 564 111,
1254 522 1295 565 p.
1329 509 1384 552 73
1417 508 1513 565 (Nr.
1546 508 1664 564 427).

950 577 1121 638 ]ἇνόρες
1151 581 1193 625 οἱ
1220 581 1496 637 γεγενημένοι

949 650 1135 707 breim-ec
1165 651 1383 709 εὐρώστως
1412 650 1500 708 ἅμα

838 723 918 767 τὸν
947 719 1063 778 ]βιον
1092 719 1279 776 διάξετε.

833 790 1129 852 Ἀντι]φάνους

773 861 1161 923 Ἀνδρω1πσγονία.

463 947 629 990 Nomen
661 953 811 1005 poetae
841 952 969 1004 atque
999 946 1189 990 indicem
1222 946 1399 990 fabulae
1430 946 1652 1006 supplevit
1681 946 1820 991 Blass.
1852 973 1910 981 —
1939 947 2031 992 An-

317 1017 510 1077 tiphanis
555 1017 730 1062 fabulae
774 1015 993 1075 Θεογονία
1041 1018 1302 1060 mentionem
1349 1018 1456 1061 feeit
1502 1018 1712 1063 Irenaeus
1742 1018 1820 1076 (11,
1852 1019 1949 1077 14)·
1971 1017 2028 1063 de

318 1089 471 1133 mnndi
501 1090 722 1133 creatione
752 1089 798 1131 in
829 1104 880 1131 ea
910 1095 1078 1146 poetam
1123 1088 1318 1132 locutum
1358 1103 1453 1133 esse
1499 1096 1676 1133 testans.
1721 1083 1835 1134 Cum
1877 1096 2027 1135 tamen

317 1159 519 1206 Meineke
547 1160 692 1217 (FCG.
724 1160 759 1216 1,
788 1161 875 1204 318
908 1160 1014 1218 sqq.)
1045 1159 1213 1203 collatis
1243 1161 1319 1203 Ar.
1340 1162 1420 1204 Av.
1452 1161 1540 1205 693
1573 1175 1665 1219 sqq.
1695 1160 1899 1204 omnibus
1928 1175 2029 1219 per-

317 1233 525 1276 suasisset
553 1232 786 1275 Irenaeum
827 1231 1130 1287 Aristophanis
1177 1238 1219 1275 et
1264 1232 1525 1289 Antiphanis
1558 1246 1718 1275 nomen
1764 1230 2030 1290 confiniis-e,

317 1304 610 1361 fragmentum
642 1302 907 1360 Antiphanis
937 1303 992 1346 ab
1024 1303 1206 1346 Irenaeo
1237 1302 1419 1346 allatum
1450 1318 1477 1345 a
1509 1303 1678 1348 Koekio
1708 1304 1918 1347 omissum
1948 1309 2030 1348 eut.

317 1375 442 1429 Quae
472 1374 683 1419 Meinekii
712 1375 927 1418 sententia
958 1374 1071 1417 falsa
1102 1373 1239 1418 fuisse
1269 1374 1458 1420 videtur.

461 1447 625 1490 Sensus
654 1460 862 1490 versuum
892 1445 966 1489 hie
995 1452 1078 1489 est:
1128 1447 1191 1503 „si
1223 1446 1326 1489 huie
1358 1446 1535 1490 fabulae
1569 1446 1771 1504 plausum
1801 1445 2028 1503 dederitis,

317 1518 522 1561 secundis
552 1517 759 1561 fruemini
791 1516 922 1560 rebus
954 1532 1031 1560 vos
1062 1517 1239 1560 omnes“
1274 1517 1424 1573 (edit.).

896 1624 1207 1681 Fragmentum
1241 1623 1435 1667 dubium.

1150 1708 1189 1751 2.

460 1778 600 1824 Schol.
635 1779 760 1822 Hom.
792 1778 842 1822 Il.
874 1778 957 1834 IX,
989 1780 1062 1823 73:
1094 1778 1329 1834 ιἠτοδεξείη
1368 1782 1426 1826 ὠς
1472 1778 1652 1838 Ἀργείη·
1682 1782 1738 1825 τὸ
1767 1784 1804 1825 ’ἃ
1835 1782 2023 1827 ἀκόλου-

315 1850 405 1897 ,δον
434 1852 619 1911 ὤφειλεν
649 1850 763 1896 εἶναι.
794 1852 935 1896 κοινὸν
965 1849 1181 1905 ὐποδεξία
1211 1854 1269 1897 ὡς
1297 1852 1425 1910 παρὰ
1455 1853 1511 1897 τὸ
1532 1853 1769 1910 ἀνόρεκτος
1798 1849 2020 1911 ἀνορεξια·

316 1927 458 1968 ταῦτα
487 1925 533 1968 ὲν
561 1926 618 1982 τῇ
646 1920 879 1983 τροςῳὸιζι·
913 1925 959 1967 ἐν
987 1923 1133 1979 μέντοι
1162 1926 1218 1983 τῇ
1246 1921 1450 1968 καθόλου
1479 1923 1616 1969 οὕτως
1658 1925 1794 1973 ‚mica
1822 1941 1894 1969 τοι
1923 1921 2021 1970 ἐσθ’

316 1991 556 2048 ἱητοδεξιῇ]
587 1994 712 2039 ἕνεκα
739 1994 902 2052 μέτρου
932 1994 1099 2039 ἔκταςιν
1129 1992 1281 2039 ἔπαθε
1311 1998 1393 2039 τοῦ
1420 2004 1445 2036 t.
1487 1995 1643 2054 ἀγνοίᾳ
1683 1995 1830 2052 μέντοι
1869 1996 2020 2054 τάκρι-

314 2063 425 2121 βοῡς
453 2063 524 2110 διὰ
552 2068 632 2118 τῆς
659 2068 697 2109 ἐἶ
726 2062 984 2124 ὃιφὸόγγου
1017 2064 1098 2118 τὴν
1138 2065 1319 2124 γραφὴν
1359 2069 1602 2116 ποιοῦνται,
1644 2066 1714 2111 καὶ
1752 2066 1891 2112 οὕτως
1930 2066 2023 2128 ἔχει

315 2138 341 2190 ἠ
371 2140 452 2181 τοῦ
496 2133 859 2195 Ἀντιφάνους
890 2133 1222 2195 Παράδοςις.
1268 2136 1343 2180 Sic
1374 2134 1537 2193 legitur
1567 2137 1610 2179 in
1644 2135 1739 2179 eod.
1770 2136 1940 2181 Veneto
1968 2137 2020 2182 Α.

314 2206 435 2250 Unde
466 2205 680 2250 Ludwieh
710 2205 897 2264 (Bphw.
941 2207 1067 2262 1903,
1108 2207 1167 2250 94
1198 2207 1277 2265 sq.)
1308 2207 1469 2251 conicit
1500 2207 1545 2249 in
1577 2207 1839 2265 Antiphani·
1869 2206 2020 2251 fabul·

315 2276 651 2337 Παρεκδιδομένῃ
682 2277 821 2335 (CAF.
853 2277 911 2328 ΙΙ,
943 2278 999 2321 88
1031 2278 1103 2333 K),
1135 2293 1160 2320 a
1191 2276 1424 2321 scholiasta
1464 2277 1573 2322 falso
1605 2276 1846 2338 Παράδοςις
1875 2277 2019 2337 appel-

314 2348 415 2405 lata,
445 2363 598 2393 vooem
639 2348 951 2404 ὑποδεξεια
993 2349 1140 2392 fuisse.
1182 2349 1268 2392 Pro
1310 2349 1468 2393 Veneti
1510 2349 1696 2393 lectione
1741 2347 2019 2409 Ἀντιφάνους

315 2419 528 2463 Villoison
560 2419 691 2474 (Prol.
722 2436 761 2479 p.
792 2419 975 2471 XXIII)
1030 2418 1375 2480 Ἀριστοφάνους,
1418 2419 1628 2464 Lehrsius
1659 2428 1806 2464 autem
1836 2419 2018 2477 (Herod.

315 2506 355 2548 p.
385 2491 491 2549 248)
522 2491 666 2534 minus
696 2490 978 2549 probabiliter
1008 2493 1033 2545 ἡ
1053 2496 1138 2537 τῶν
1159 2491 1443 2551 ἀντιγράφων
1464 2490 1709 2550 παράδοςις
1730 2491 2018 2537 coniecerant.

761 2609 1192 2654 APOLLODOREIS
1224 2608 1568 2655 CARYSTIUS.

457 2763 644 2807 warren
675 2763 826 2820 (olm.
859 2762 1013 2807 Philet
1045 2764 1080 2821 1,
1109 2697 1305 2823 dmm.)
1338 2765 1383 2807 in
1415 2764 1566 2809 codice
1598 2764 1813 2823 chigiano
1845 2765 1887 2808 H
1924 2763 2017 2809 vn

313 2836 415 2893 240,
434 2834 488 2878 ab
519 2835 613 2893 ipso
644 2834 789 2877 littera
820 2835 861 2878 Κ
894 2842 1049 2890 notato,
1080 2850 1165 2894 quo
1196 2836 1357 2879 Donati
1390 2845 1639 2880 commenta
1670 2837 1712 2880 in
1745 2836 1922 2881 Terenti
1952 2834 2016 2879 fa·

315 2906 439 2951 bulas
469 2906 756 2962 eontinentur,
787 2905 842 2949 ad
877 2906 1079 2966 Hecyrae
1112 2923 1151 2951 v.
1183 2908 1282 2951 620.
1314 2906 1422 2951 haee
1453 2907 1657 2951 adnotata
1687 2908 1872 2952 invenit:

597 3004 674 3032 nos
705 2989 791 3032 iam
823 2988 853 3031 f.
884 3005 916 3032 s.
947 2990 1024 3047 (=
1040 2989 1189 3034 fabula
1219 2992 1386 3047 sumus)
1417 2991 1509 3037 πὰν
1539 2990 1755 3051 ἀρςομοδο

594 3079 652 3119 ρο
679 3058 822 3118 μῦθος
853 3064 972 3118 ε’ςμεν
1002 3061 1053 3116 δὴ
1084 3062 1286 3121 πάμφιλε
1318 3080 1458 3121 γραυς
1487 3080 1626 3121 γιρον.
