2280 3626
2 3018 7 3031 ³
0 2672 22 3013 :JWWfff'WU-*ss*
0 2631 15 2667 {vc-
2 2587 8 2592 =
0 2530 2 2537 ν

0 844 24 1070 ⁴?‘2¹¹'T}75›7²-455’1.⁴‘·e”
6 779 10 787 -
0 746 6 757 2
4 719 6 722 -
0 571 22 632 φάς’
2 552 7 558 2
9 533 10 536 „
0 482 7 491 —1
0 412 2 414 ⁴
0 376 1 381 Α
0 216 21 266 J

286 200 387 250 [523]
887 220 1206 247 summasunmna
1228 220 1406 248 oomcun
1910 209 1996 251 119

1105 347 1176 388 46.

918 431 1182 490 εὐρυχωρίας
1213 448 1258 475 ςε
1288 429 1364 475 δεῖ.

429 511 858 555 Pseudo-Herodian.
890 512 1122 556 Philetaer.
1154 514 1258 556 450:
1291 516 1347 559 τὸ
1368 513 1454 560 δεῖν
1474 518 1526 560 οὐ
1544 518 1677 572 μόνον
1697 516 1856 577 δοτικῇ,
1879 519 1996 564 ἀλλὰ

286 584 357 629 καὶ
386 585 599 643 αἰτιατικῇ
628 583 894 629 ςυντάςςουςι
924 585 1098 629 πτώςει·
1133 586 1503 646 ,εὐρυχωρίας
1532 605 1588 631 ςε
1618 586 1646 632 3
1655 586 1727 633 εῖ.’
1745 613 1802 618 —
1820 589 1994 632 Partem

287 669 383 698 esse
414 655 568 698 comici
603 669 757 697 versus
788 662 909 711 putat
940 655 1218 698 Valckenaer
1249 655 1415 713 (Em-ip.
1448 672 1486 714 p.
1522 658 1607 700 122
1638 658 1743 714 (162
1774 660 1826 715 e).

1104 752 1174 794 47.

601 837 728 891 αἰγὸς
759 837 936 893 τρόπον
964 834 1184 895 μάχαιραν
1215 835 1448 881 ε’ςκάλευςά
1480 842 1678 894 <μοι>.

429 917 552 960 Phot.
583 918 724 960 Berol.
754 918 826 971 46,
859 919 932 961 15:
966 921 1149 974 ,αἰγὸς
1180 917 1283 963 κτὲ·
1313 920 1492 976 λέγεται
1535 922 1681 977 μέντοι
1727 923 1796 967 καὶ
1838 925 1997 981 ἑτέρως

285 990 312 1042 ἡ
343 990 566 1048 παροιμία·
599 989 678 1043 αἲξ
706 989 884 1035 ποττὰν
912 989 1144 1050 μάχαιραν,
1168 993 1226 1035 ὠς
1246 989 1509 1049 Χρύςιππος
1526 992 1597 1037 καὶ
1616 990 1866 1054 Κλέαρχος.
1888 994 1994 1040 τάς-

286 1078 404 1106 ςεται
435 1059 484 1106 δὲ
514 1062 590 1106 ε’πῖ
635 1065 720 1106 τῶν
752 1064 923 1106 ἑαυτοῖς
950 1060 1289 1117 προξενούντων
1317 1062 1438 1107 κακά.
1470 1064 1496 1116 ἠ
1524 1063 1616 1122 γὰρ
1647 1063 1726 1118 αἲξ
1755 1065 1995 1112 ςκάλλουςα

286 1132 368 1186 τὴν
396 1131 616 1193 μάχαιραν
647 1134 835 1191 εὑρίςκει,
877 1131 929 1178 δι’
961 1131 1012 1186 ἧς
1040 1131 1211 1178 θύεται.
1258 1135 1330 1178 καῖ
1373 1132 1531 1179 ἄλλως·
1579 1137 1675 1180 ἀπὸ
1705 1134 1996 1195 Κορινθιακῆς

287 1204 537 1262 παροιμίας·
570 1205 596 1256 ἡ
627 1202 706 1258 αἲξ
733 1202 863 1249 δοῦςα
893 1204 973 1258 τὴν
1002 1223 1060 1260 μα
1062 1222 1235 1264 χαιραν
1267 1205 1381 1250 οὕτω
1409 1207 1601 1262 λέγεται·
1634 1204 1875 1265 Κορινθίων
1903 1209 1995 1267 ’γὰρ

287 1277 345 1334 τῇ
387 1272 559 1359 Ἀκραία
597 1273 707 1335 Ηρᾳ
737 1273 949 1332 θυόντων,
994 1275 1044 1329 ἣν
1083 1277 1261 1332 λέγεται
1307 1275 1559 1335 ἱδρύςαςθαι
1605 1276 1785 1336 Μήδεια,
1831 1282 1873 1325 οἱ
1915 1281 1997 1334 τὴν

288 1346 497 1407 παροχὴν
526 1345 832 1403 μεμισθωμένοι
862 1350 922 1406 γῇ
950 1348 1205 1405 κρύψαντες
1232 1348 1312 1401 τὴν
1340 1347 1560 1409 μάχαιραν
1591 1350 1862 1403 ἐςκήπτοντο
1894 1355 1994 1397 ἐπι-

288 1415 514 1471 λελῆςθαι,
546 1420 572 1470 ἠ
602 1417 651 1462 δὲ
681 1417 759 1471 αἲξ
787 1418 920 1471 αὐτὴν
948 1422 1044 1463 τοῖς
1080 1419 1209 1464 ποςὶν
1240 1419 1552 1465 ἀνεςκάλευςεν.
1595 1419 1723 1466 ἄλλοι
1764 1420 1815 1467 δέ
1852 1430 1995 1481 φαςιν,

287 1490 358 1534 ὄτι
388 1492 434 1534 ἐν
464 1486 667 1550 Κορίνθῳ
695 1493 775 1543 τῆς
805 1487 998 1543 Μηδείας
1026 1491 1150 1535 παιςῖ
1192 1491 1301 1547 μετὰ
1331 1493 1387 1536 τὸ
1429 1493 1618 1548 ἐναγίςαι
1656 1492 1736 1545 τὴν
1774 1493 1995 1554 μάχαιραν

286 1561 630 1618 ἁποκρύπτουςι,
662 1564 724 1621 τῷ
755 1559 803 1606 δὲ
834 1559 940 1614 ἑξῆς
970 1562 1056 1606 ἔτει
1090 1563 1146 1606 τὸ
1175 1563 1340 1619 με’λλον
1369 1561 1506 1607 πάλιν
1536 1561 1811 1620 ἐναγίζεςθαι
1841 1567 1995 1623 ἱερεῖον

286 1635 383 1677 τοῖς
410 1633 579 1690 κέραςιν
608 1632 835 1690 ἁνορύττει
865 1632 944 1686 τὴν
973 1632 1205 1693 μάχαιραν.
1250 1633 1373 1683 Idem
1405 1634 1498 1677 fere
1527 1634 1724 1677 Paroem.
1755 1633 1832 1678 Gr.
1863 1636 1923 1693 ΙΙ,
1955 1653 1993 1692 p.

285 1702 385 1758 255,
417 1704 445 1746 5
475 1702 679 1746 Leutsoh.
711 1703 799 1747 Cfr.
821 1701 942 1746 Suid.
964 1719 997 1747 S.
1020 1719 1061 1746 v.
1094 1707 1222 1761 αἰγός
1250 1707 1438 1763 τρόπον·
1472 1707 1549 1750 ἐπὶ
1576 1710 1663 1751 τῶν
1694 1710 1864 1753 ἑαυτοῖς
1893 1712 1992 1753 ἐπι-

286 1776 515 1833 φερόντων
545 1776 689 1820 κακόν.
722 1777 817 1820 ἀπὸ
857 1773 1152 1832 Κορινθιακῆς
1191 1777 1439 1834 παροιμίας·
1473 1779 1498 1830 ἠ
1529 1777 1607 1831 αἲξ
1644 1778 1724 1831 τὴν
1762 1778 1992 1839 μάχαιραν.

284 1845 501 1892 Similiter
532 1861 564 1888 S.
597 1861 636 1889 v.
668 1846 755 1900 αἴξ.
789 1872 844 1878 -
877 1846 1017 1890 Aliter
1049 1847 1152 1890 Hes.
1195 1846 1272 1902 αἲξ
1301 1848 1405 1905 αἶγα
1437 1847 1463 1901 ἢ
1491 1849 1572 1902 τὴν
1599 1849 1828 1910 μάχαιραν·
1870 1869 1992 1909 παρ-

287 1918 400 1975 οιμία
431 1919 507 1963 ἐπὶ
535 1922 621 1963 τῶν
649 1920 807 1974 με’λεόν
843 1937 884 1963 τι
916 1921 1086 1964 ἑαυτοῖς
1116 1920 1370 1976 ποιούντων,
1412 1922 1506 1975 ἀπὸ
1548 1922 1738 1979 ἱςτορίας
1775 1922 1991 1975 τοιαύτης.

288 1986 512 2047 Κορίνθιοι
542 1987 697 2034 θυείαν
725 1993 958 2035 τελοῦντες
995 1988 1115 2050 Ἥρῃ,
1160 1990 1263 2047 αἶγα
1293 1994 1350 2050 τῇ
1378 1989 1472 2051 θεῷ
1504 1990 1650 2048 ἔθυον,
1679 1996 1765 2036 τῶν
1795 1991 1843 2037 δὲ
1872 2011 1991 2050 κομι-

288 2058 452 2104 ςάντων
480 2059 703 2117 μιςθωτῶν
733 2061 995 2119 κρυψάντων
1024 2061 1103 2114 τὴν
1133 2061 1365 2122 μάχαιραν,
1392 2063 1463 2107 καὶ
1494 2065 1847 2119 ςκηπτομένων...
1880 2062 1992 2110 ἔνθα

289 2128 533 2181 ἀπέθεντο,
565 2133 591 2184 ἡ
621 2131 699 2186 αἲξ
733 2136 828 2178 τοῖς
866 2133 996 2177 ποςὶν
1036 2134 1382 2178 α’ναςκαλεύςαςα
1424 2135 1649 2192 ἀνέφηνεν,
1690 2135 1761 2179 καὶ
1799 2135 1878 2188 τὴν
1916 2136 1993 2192 μὲν

288 2202 446 2260 ςκῆψιν
476 2204 615 2247 αὐτῶν
645 2201 885 2260 διήλεγξεν,
926 2207 1058 2263 ἑαυτῇ
1087 2203 1136 2249 3&
1165 2208 1247 2257 τῆς
1276 2208 1450 2263 ςφαγῆς
1490 2206 1604 2250 αἰτία
1642 2207 1839 2262 γε’·γονεν.
1882 2204 1994 2251 ὅθεν

290 2273 427 2326 <ἠ>
461 2275 684 2331 παροιμία.

429 2343 501 2386 Ad
547 2351 741 2386 veterem
789 2360 899 2402 quae
944 2346 1107 2389 dieitur
1154 2345 1422 2388 comoediam
1465 2346 1632 2389 rettulit
1662 2346 1824 2390 Koerte
1853 2348 1993 2404 (Burs.

287 2413 484 2458 Jahresb.
519 2416 647 2470 1911,
678 2417 793 2470 253).

1102 2490 1173 2532 48.

909 2559 984 2613 ἥδε
1014 2563 1371 2619 καλλιςτέφανος.

432 2640 552 2684 Phot.
574 2642 709 2684 Berol.
733 2644 800 2692 78,
827 2645 869 2684 l:
906 2642 1004 2688 ἀλλ’
1037 2642 1162 2697 ἅναξ·
1196 2643 1370 2698 ἐξοδίου
1389 2642 1676 2705 κιθαρῳδικοῦ
1695 2645 1823 2705 ἀρχή,
1845 2646 1991 2703 ὥςπερ

288 2716 466 2769 κωμικοῦ
494 2713 571 2769 μὲν
602 2712 678 2766 ,ἥδ
687 2732 709 2758 ε
738 2713 1228 2773 καλλιςτέφανος’,
1260 2715 1479 2776 ῥαψῳδῶν
1509 2714 1569 2761 δέ·
1593 2720 1679 2771 ,νῦν
1709 2715 1757 2761 3&
1777 2714 1879 2761 θεοῖ
1907 2716 1989 2773 μα’-

287 2801 419 2842 καρες
447 2787 533 2828 τῶν
565 2782 734 2829 ε’ςθλῶν
765 2783 961 2843 ἄφθονοι
992 2785 1116 2831 ε’ςτέ.
1159 2785 1248 2829 Cir.
1280 2786 1478 2829 Eustath.
1510 2788 1610 2842 239,
1651 2789 1725 2830 20:
1769 2788 1884 2848 ἀρχή
1924 2806 1991 2833 τις

289 2852 464 2908 ἐξοὸίου
494 2853 780 2915 κιθαρῳδικοῦ
808 2858 864 2900 τὸ
894 2856 1010 2901 ἀλλὰ
1042 2855 1142 2902 ἀλλ’
1174 2856 1303 2911 ἅναξ,
1331 2860 1388 2903 ὡς
1409 2861 1573 2917 ι’ςτορεῖ
1588 2856 1739 2904 Αἴλιος
1760 2856 1988 2909 Διονύςιος,

288 2925 436 2984 ὥςπερ
478 2926 593 2984 φηςί,
637 2930 814 2983 κωμικοῦ
852 2927 929 2983 μὲν
968 2926 1055 2980 ἥδε·
1100 2930 1447 2988 καλλιςτέφανος
1485 2932 1573 2974 κτὲ.
1606 2955 1663 2960 -
1695 2929 1764 2970 Ad
1798 2937 1991 2971 veterem

288 3011 398 3053 quae
430 2995 592 3039 dieitur
623 2996 890 3039 comoediam
923 2997 1088 3040 rettulit
1120 2999 1283 3042 Koerte
1309 3000 1452 3056 (Burs.
1483 2999 1681 3043 Jahresb.
1718 3000 1842 3053 1911,
1874 2999 1989 3054 253).

431 3067 729 3112 καλλιςτέφανος]
755 3068 980 3114 καλλιαέφα
1009 3070 1088 3105 eod.
1116 3069 1148 3103 b.

1944 3141 1989 3176 9⁴1-
