<?xml version="1.0" encoding="UTF-8"?>
<!DOCTYPE html PUBLIC "-//W3C//DTD XHTML 1.0 Transitional//EN"
    "http://www.w3.org/TR/xhtml1/DTD/xhtml1-transitional.dtd">
<html xmlns="http://www.w3.org/1999/xhtml" xml:lang="en" lang="en">
 <head>
  <title>
</title>
<meta http-equiv="Content-Type" content="text/html;charset=utf-8" />
  <meta name='ocr-system' content='tesseract 3.04.00' />
  <meta name='ocr-capabilities' content='ocr_page ocr_carea ocr_par ocr_line ocrx_word'/>
</head>
<body>
  <div class='ocr_page' id='page_1' title='image "./supplementumcomi00demiuoft_0088.png"; bbox 0 0 2280 3626; ppageno 0'>
   <div class='ocr_carea' id='block_1_1' title="bbox 290 143 2002 197">
    <p class='ocr_par' dir='ltr' id='par_1_1' title="bbox 290 143 2002 197">
     <span class='ocr_line' id='line_1_1' title="bbox 290 143 2002 197; baseline 0 -3"><span class='ocrx_word' id='word_1_1' title='bbox 290 149 348 194; x_wconf 91' lang='grc'>82</span> <span class='ocrx_word' id='word_1_2' title='bbox 916 164 1091 192; x_wconf 61' lang='lat' dir='ltr'><strong>manuus</strong></span> <span class='ocrx_word' id='word_1_3' title='bbox 1109 157 1374 194; x_wconf 65' lang='lat' dir='ltr'><strong>nnuuaozux</strong></span> <span class='ocrx_word' id='word_1_4' title='bbox 1902 143 2002 197; x_wconf 71' lang='lat'>1¹0⁸]</span> 
     </span>
    </p>
   </div>
   <div class='ocr_carea' id='block_1_2' title="bbox 289 292 2007 802">
    <p class='ocr_par' dir='ltr' id='par_1_2' title="bbox 1012 292 1281 429">
     <span class='ocr_line' id='line_1_2' title="bbox 1111 292 1182 335; baseline 0.014 -1"><span class='ocrx_word' id='word_1_5' title='bbox 1111 292 1182 335; x_wconf 82' lang='lat'>26.</span> 
     </span>
     <span class='ocr_line' id='line_1_3' title="bbox 1012 374 1281 429; baseline 0.004 -9"><span class='ocrx_word' id='word_1_6' title='bbox 1012 374 1281 429; x_wconf 79' lang='grc' dir='ltr'>ἀναπλήσας.</span> 
     </span>
    </p>

    <p class='ocr_par' dir='ltr' id='par_1_3' title="bbox 289 458 2006 731">
     <span class='ocr_line' id='line_1_4' title="bbox 431 458 2004 518; baseline 0.003 -17"><span class='ocrx_word' id='word_1_7' title='bbox 431 458 556 501; x_wconf 91' lang='lat' dir='ltr'><strong>Phot.</strong></span> <span class='ocrx_word' id='word_1_8' title='bbox 587 458 728 503; x_wconf 80' lang='lat' dir='ltr'><strong>Berol.</strong></span> <span class='ocrx_word' id='word_1_9' title='bbox 761 459 861 509; x_wconf 82' lang='lat'>118,</span> <span class='ocrx_word' id='word_1_10' title='bbox 892 459 967 502; x_wconf 82' lang='lat'>20:</span> <span class='ocrx_word' id='word_1_11' title='bbox 1001 458 1272 512; x_wconf 79' lang='grc' dir='ltr'>ἀναπλήσας·</span> <span class='ocrx_word' id='word_1_12' title='bbox 1305 459 1635 518; x_wconf 83' lang='grc' dir='ltr'>ἀναπληρώσας.</span> <span class='ocrx_word' id='word_1_13' title='bbox 1668 458 1695 513; x_wconf 83' lang='grc' dir='ltr'>ἣ</span> <span class='ocrx_word' id='word_1_14' title='bbox 1723 459 1924 516; x_wconf 80' lang='grc' dir='ltr'>μολύνας.</span> <span class='ocrx_word' id='word_1_15' title='bbox 1945 460 2004 506; x_wconf 73' lang='grc' dir='ltr'>ὥς</span> 
     </span>
     <span class='ocr_line' id='line_1_5' title="bbox 290 528 2006 589; baseline 0 -12"><span class='ocrx_word' id='word_1_16' title='bbox 290 528 536 577; x_wconf 87' lang='grc' dir='ltr'>Πλάτων.</span> <span class='ocrx_word' id='word_1_17' title='bbox 569 529 690 575; x_wconf 86' lang='lat' dir='ltr'><strong>Suid.</strong></span> <span class='ocrx_word' id='word_1_18' title='bbox 721 530 993 584; x_wconf 82' lang='grc' dir='ltr'>ἀναπλήσας·</span> <span class='ocrx_word' id='word_1_19' title='bbox 1028 530 1358 589; x_wconf 73' lang='grc' dir='ltr'>ἀναπληρώσας·</span> <span class='ocrx_word' id='word_1_20' title='bbox 1401 533 1427 576; x_wconf 93' lang='grc' dir='ltr'>ὀ</span> <span class='ocrx_word' id='word_1_21' title='bbox 1467 529 1517 576; x_wconf 85' lang='grc' dir='ltr'>δὲ</span> <span class='ocrx_word' id='word_1_22' title='bbox 1557 528 1746 576; x_wconf 83' lang='grc' dir='ltr'>Πλάτων</span> <span class='ocrx_word' id='word_1_23' title='bbox 1786 531 1883 576; x_wconf 74' lang='grc' dir='ltr'>ἀντὶ</span> <span class='ocrx_word' id='word_1_24' title='bbox 1922 533 2006 578; x_wconf 67' lang='grc' dir='ltr'>τοῦ</span> 
     </span>
     <span class='ocr_line' id='line_1_6' title="bbox 289 598 2006 663; baseline 0.002 -15"><span class='ocrx_word' id='word_1_25' title='bbox 289 602 488 660; x_wconf 84' lang='grc' dir='ltr'>μολύνας.</span> <span class='ocrx_word' id='word_1_26' title='bbox 521 601 610 645; x_wconf 80' lang='lat' dir='ltr'>cfr.</span> <span class='ocrx_word' id='word_1_27' title='bbox 642 600 781 645; x_wconf 79' lang='lat' dir='ltr'><strong>Bekk.</strong></span> <span class='ocrx_word' id='word_1_28' title='bbox 815 603 894 646; x_wconf 88' lang='lat' dir='ltr'>An.</span> <span class='ocrx_word' id='word_1_29' title='bbox 927 602 1028 658; x_wconf 82' lang='lat'><strong>392,</strong></span> <span class='ocrx_word' id='word_1_30' title='bbox 1061 602 1101 645; x_wconf 90' lang='grc'>6.</span> <span class='ocrx_word' id='word_1_31' title='bbox 1123 626 1180 632; x_wconf 91' lang='lat'>-—</span> <span class='ocrx_word' id='word_1_32' title='bbox 1205 601 1281 644; x_wconf 85' lang='lat' dir='ltr'>Ar.</span> <span class='ocrx_word' id='word_1_33' title='bbox 1313 600 1428 644; x_wconf 82' lang='lat' dir='ltr'><strong>Nub.</strong></span> <span class='ocrx_word' id='word_1_34' title='bbox 1463 602 1596 645; x_wconf 82' lang='lat'>1023:</span> <span class='ocrx_word' id='word_1_35' title='bbox 1627 604 1707 655; x_wconf 86' lang='grc' dir='ltr'>τῆς</span> <span class='ocrx_word' id='word_1_36' title='bbox 1750 598 2006 663; x_wconf 77' lang='grc' dir='ltr'>Ἀντιμάχου</span> 
     </span>
     <span class='ocr_line' id='line_1_7' title="bbox 290 673 931 731; baseline -0.002 -12"><span class='ocrx_word' id='word_1_37' title='bbox 290 674 651 731; x_wconf 77' lang='grc' dir='ltr'>καταπυγοσύνης</span> <span class='ocrx_word' id='word_1_38' title='bbox 680 673 931 727; x_wconf 80' lang='grc' dir='ltr'>ἀναπλήσει.</span> 
     </span>
    </p>

    <p class='ocr_par' dir='ltr' id='par_1_4' title="bbox 433 742 2007 802">
     <span class='ocr_line' id='line_1_8' title="bbox 433 742 2007 802; baseline 0.003 -15"><span class='ocrx_word' id='word_1_39' title='bbox 433 744 605 788; x_wconf 83' lang='lat' dir='ltr'>Nomen</span> <span class='ocrx_word' id='word_1_40' title='bbox 636 745 861 802; x_wconf 88' lang='lat' dir='ltr'><strong>proprium</strong></span> <span class='ocrx_word' id='word_1_41' title='bbox 894 742 1078 790; x_wconf 81' lang='grc' dir='ltr'>Πλάτων</span> <span class='ocrx_word' id='word_1_42' title='bbox 1109 743 1164 786; x_wconf 88' lang='lat' dir='ltr'>ad</span> <span class='ocrx_word' id='word_1_43' title='bbox 1197 744 1530 802; x_wconf 78' lang='lat' dir='ltr'><strong>praecedentem</strong></span> <span class='ocrx_word' id='word_1_44' title='bbox 1560 743 1755 802; x_wconf 84' lang='lat' dir='ltr'><strong>glossam</strong></span> <span class='ocrx_word' id='word_1_45' title='bbox 1774 743 2007 791; x_wconf 70' lang='grc' dir='ltr'>ἀνάπλεως</span> 
     </span>
    </p>
   </div>
   <div class='ocr_carea' id='block_1_3' title="bbox 291 812 2004 945">
    <p class='ocr_par' dir='ltr' id='par_1_5' title="bbox 291 812 2004 945">
     <span class='ocr_line' id='line_1_9' title="bbox 291 812 2004 874; baseline -0.001 -15"><span class='ocrx_word' id='word_1_46' title='bbox 291 816 511 874; x_wconf 85' lang='lat' dir='ltr'><strong>pertinere</strong></span> <span class='ocrx_word' id='word_1_47' title='bbox 544 816 791 873; x_wconf 75' lang='lat' dir='ltr'><strong>suspicatur</strong></span> <span class='ocrx_word' id='word_1_48' title='bbox 822 815 1115 859; x_wconf 80' lang='lat' dir='ltr'><strong>Reitzenstein</strong></span> <span class='ocrx_word' id='word_1_49' title='bbox 1146 815 1203 874; x_wconf 87' lang='lat' dir='ltr'>(p.</span> <span class='ocrx_word' id='word_1_50' title='bbox 1234 815 1426 874; x_wconf 71' lang='lat' dir='ltr'><strong>XXII’).</strong></span> <span class='ocrx_word' id='word_1_51' title='bbox 1468 815 1614 859; x_wconf 88' lang='lat' dir='ltr'><strong>Possis</strong></span> <span class='ocrx_word' id='word_1_52' title='bbox 1654 816 1787 860; x_wconf 80' lang='lat' dir='ltr'><strong>stiam</strong></span> <span class='ocrx_word' id='word_1_53' title='bbox 1818 815 1874 859; x_wconf 85' lang='lat' dir='ltr'>de</span> <span class='ocrx_word' id='word_1_54' title='bbox 1903 812 2004 859; x_wconf 83' lang='lat' dir='ltr'><strong>Pla-</strong></span> 
     </span>
     <span class='ocr_line' id='line_1_10' title="bbox 291 886 919 945; baseline -0.002 -14"><span class='ocrx_word' id='word_1_55' title='bbox 291 895 393 931; x_wconf 91' lang='lat' dir='ltr'><strong>tone</strong></span> <span class='ocrx_word' id='word_1_56' title='bbox 422 886 680 945; x_wconf 88' lang='lat' dir='ltr'><strong>philosopho</strong></span> <span class='ocrx_word' id='word_1_57' title='bbox 713 887 919 944; x_wconf 82' lang='lat' dir='ltr'><strong>cogitare.</strong></span> 
     </span>
    </p>
   </div>
   <div class='ocr_carea' id='block_1_4' title="bbox 436 972 2006 1195">
    <p class='ocr_par' dir='ltr' id='par_1_6' title="bbox 436 972 2006 1195">
     <span class='ocr_line' id='line_1_11' title="bbox 1116 972 1186 1014; baseline -0.014 0"><span class='ocrx_word' id='word_1_58' title='bbox 1116 972 1186 1014; x_wconf 79' lang='grc'>27.</span> 
     </span>
     <span class='ocr_line' id='line_1_12' title="bbox 860 1052 1440 1112; baseline 0.002 -13"><span class='ocrx_word' id='word_1_59' title='bbox 860 1052 951 1111; x_wconf 87' lang='grc' dir='ltr'>βόα</span> <span class='ocrx_word' id='word_1_60' title='bbox 983 1058 1054 1099; x_wconf 84' lang='grc' dir='ltr'>νῦν</span> <span class='ocrx_word' id='word_1_61' title='bbox 1084 1053 1330 1101; x_wconf 81' lang='grc' dir='ltr'>ἀντίδουπά</span> <span class='ocrx_word' id='word_1_62' title='bbox 1356 1073 1440 1112; x_wconf 88' lang='grc' dir='ltr'>μοι.</span> 
     </span>
     <span class='ocr_line' id='line_1_13' title="bbox 436 1135 2006 1195; baseline 0.003 -14"><span class='ocrx_word' id='word_1_63' title='bbox 436 1137 560 1181; x_wconf 84' lang='lat' dir='ltr'><strong>Phot.</strong></span> <span class='ocrx_word' id='word_1_64' title='bbox 590 1137 731 1182; x_wconf 86' lang='lat' dir='ltr'><strong>Berol.</strong></span> <span class='ocrx_word' id='word_1_65' title='bbox 765 1139 862 1190; x_wconf 88' lang='grc'>148,</span> <span class='ocrx_word' id='word_1_66' title='bbox 895 1139 939 1182; x_wconf 83' lang='lat'>3:</span> <span class='ocrx_word' id='word_1_67' title='bbox 972 1137 1227 1184; x_wconf 71' lang='grc' dir='ltr'>ἀντίδοιηω·</span> <span class='ocrx_word' id='word_1_68' title='bbox 1261 1136 1520 1190; x_wconf 80' lang='grc' dir='ltr'>Πλάτων’,</span> <span class='ocrx_word' id='word_1_69' title='bbox 1552 1137 1662 1195; x_wconf 90' lang='grc' dir='ltr'>βόα</span> <span class='ocrx_word' id='word_1_70' title='bbox 1692 1135 1803 1184; x_wconf 81' lang='grc' dir='ltr'>κτλ.’</span> <span class='ocrx_word' id='word_1_71' title='bbox 1837 1163 1891 1170; x_wconf 89' lang='grc'>--</span> <span class='ocrx_word' id='word_1_72' title='bbox 1924 1136 2006 1180; x_wconf 68' lang='grc' dir='ltr'>ΡΙ·</span> 
     </span>
    </p>
   </div>
   <div class='ocr_carea' id='block_1_5' title="bbox 294 1209 1326 1327">
    <p class='ocr_par' dir='ltr' id='par_1_7' title="bbox 294 1209 1326 1327">
     <span class='ocr_line' id='line_1_14' title="bbox 294 1209 1321 1269; baseline 0 -16"><span class='ocrx_word' id='word_1_73' title='bbox 294 1209 418 1253; x_wconf 89' lang='lat' dir='ltr'><strong>rodia</strong></span> <span class='ocrx_word' id='word_1_74' title='bbox 450 1218 516 1253; x_wconf 88' lang='lat' dir='ltr'>est</span> <span class='ocrx_word' id='word_1_75' title='bbox 547 1224 702 1252; x_wconf 74' lang='lat' dir='ltr'><strong>versun</strong></span> <span class='ocrx_word' id='word_1_76' title='bbox 734 1209 973 1269; x_wconf 82' lang='lat' dir='ltr'><strong>Aeschylei</strong></span> <span class='ocrx_word' id='word_1_77' title='bbox 1006 1209 1142 1266; x_wconf 80' lang='lat' dir='ltr'><strong>(Pers,</strong></span> <span class='ocrx_word' id='word_1_78' title='bbox 1178 1210 1321 1267; x_wconf 88' lang='grc'>1040).</span> 
     </span>
     <span class='ocr_line' id='line_1_15' title="bbox 437 1279 1326 1327; baseline -0.001 -10"><span class='ocrx_word' id='word_1_79' title='bbox 437 1279 510 1325; x_wconf 74' lang='grc' dir='ltr'>βόα</span> <span class='ocrx_word' id='word_1_80' title='bbox 536 1279 670 1327; x_wconf 66' lang='lat' dir='ltr'><strong>Reitz]</strong></span> <span class='ocrx_word' id='word_1_81' title='bbox 695 1279 768 1327; x_wconf 74' lang='grc' dir='ltr'>βοᾷ</span> <span class='ocrx_word' id='word_1_82' title='bbox 794 1281 825 1316; x_wconf 80' lang='lat' dir='ltr'>b.</span> <span class='ocrx_word' id='word_1_83' title='bbox 853 1301 896 1306; x_wconf 86' lang='lat'><em>-</em></span> <span class='ocrx_word' id='word_1_84' title='bbox 922 1295 980 1327; x_wconf 70' lang='grc' dir='ltr'>μοι</span> <span class='ocrx_word' id='word_1_85' title='bbox 1006 1279 1138 1327; x_wconf 51' lang='lat' dir='ltr'><strong>Boia]</strong></span> <span class='ocrx_word' id='word_1_86' title='bbox 1162 1281 1270 1327; x_wconf 69' lang='grc' dir='ltr'>μόνος</span> <span class='ocrx_word' id='word_1_87' title='bbox 1295 1282 1326 1317; x_wconf 76' lang='lat' dir='ltr'>b.</span> 
     </span>
    </p>
   </div>
   <div class='ocr_carea' id='block_1_6' title="bbox 879 1377 1423 1504">
    <p class='ocr_par' dir='ltr' id='par_1_8' title="bbox 879 1377 1423 1504">
     <span class='ocr_line' id='line_1_16' title="bbox 879 1377 1423 1435; baseline 0 -15"><span class='ocrx_word' id='word_1_88' title='bbox 879 1377 1196 1435; x_wconf 81' lang='lat' dir='ltr'><strong>Fragmentum</strong></span> <span class='ocrx_word' id='word_1_89' title='bbox 1228 1377 1423 1421; x_wconf 90' lang='lat' dir='ltr'><strong>dubium.</strong></span> 
     </span>
     <span class='ocr_line' id='line_1_17' title="bbox 1118 1461 1187 1504; baseline 0 -1"><span class='ocrx_word' id='word_1_90' title='bbox 1118 1461 1187 1504; x_wconf 88' lang='grc'>28.</span> 
     </span>
    </p>
   </div>
   <div class='ocr_carea' id='block_1_7' title="bbox 440 1541 2012 1829">
    <p class='ocr_par' dir='ltr' id='par_1_9' title="bbox 440 1541 2012 1829">
     <span class='ocr_line' id='line_1_18' title="bbox 1022 1541 1285 1600; baseline 0.004 -11"><span class='ocrx_word' id='word_1_91' title='bbox 1022 1541 1285 1600; x_wconf 77' lang='grc' dir='ltr'>ΠλάτῙωνος·</span> 
     </span>
     <span class='ocr_line' id='line_1_19' title="bbox 712 1614 1594 1675; baseline 0.001 -14"><span class='ocrx_word' id='word_1_92' title='bbox 712 1614 765 1673; x_wconf 91' lang='grc'>[..</span> <span class='ocrx_word' id='word_1_93' title='bbox 783 1651 792 1661; x_wconf 93' lang='grc'><strong>.</strong></span> <span class='ocrx_word' id='word_1_94' title='bbox 826 1620 1007 1673; x_wconf 83' lang='grc' dir='ltr'>γυναῖκα</span> <span class='ocrx_word' id='word_1_95' title='bbox 1038 1616 1245 1675; x_wconf 86' lang='grc' dir='ltr'>κρ]εῖςσόν</span> <span class='ocrx_word' id='word_1_96' title='bbox 1275 1614 1361 1662; x_wconf 77' lang='grc' dir='ltr'>ἐστ’</span> <span class='ocrx_word' id='word_1_97' title='bbox 1394 1620 1440 1662; x_wconf 82' lang='grc' dir='ltr'>ἐν</span> <span class='ocrx_word' id='word_1_98' title='bbox 1470 1619 1594 1663; x_wconf 87' lang='grc' dir='ltr'>οἱκιαι</span> 
     </span>
     <span class='ocr_line' id='line_1_20' title="bbox 714 1685 1795 1748; baseline 0.001 -15"><span class='ocrx_word' id='word_1_99' title='bbox 714 1686 756 1742; x_wconf 85' lang='grc' dir='ltr'>[ἢ</span> <span class='ocrx_word' id='word_1_100' title='bbox 791 1688 1088 1747; x_wconf 79' lang='grc' dir='ltr'>φαρμακίτα]ς</span> <span class='ocrx_word' id='word_1_101' title='bbox 1115 1692 1202 1733; x_wconf 84' lang='grc' dir='ltr'>τῶν</span> <span class='ocrx_word' id='word_1_102' title='bbox 1230 1686 1342 1746; x_wconf 87' lang='grc' dir='ltr'>παρ’</span> <span class='ocrx_word' id='word_1_103' title='bbox 1377 1685 1573 1746; x_wconf 77' lang='grc' dir='ltr'>Εὑδήμου</span> <span class='ocrx_word' id='word_1_104' title='bbox 1602 1689 1795 1748; x_wconf 84' lang='grc' dir='ltr'>τρέφειν.</span> 
     </span>
     <span class='ocr_line' id='line_1_21' title="bbox 440 1769 2012 1829; baseline 0.001 -16"><span class='ocrx_word' id='word_1_105' title='bbox 440 1769 642 1814; x_wconf 88' lang='lat' dir='ltr'><strong>Berliner</strong></span> <span class='ocrx_word' id='word_1_106' title='bbox 672 1769 1067 1813; x_wconf 84' lang='lat' dir='ltr'><strong>Klassiker-Texte</strong></span> <span class='ocrx_word' id='word_1_107' title='bbox 1098 1770 1151 1826; x_wconf 80' lang='lat' dir='ltr'>V,</span> <span class='ocrx_word' id='word_1_108' title='bbox 1184 1773 1212 1813; x_wconf 87' lang='grc'><strong>2</strong></span> <span class='ocrx_word' id='word_1_109' title='bbox 1244 1786 1282 1828; x_wconf 88' lang='lat' dir='ltr'>p.</span> <span class='ocrx_word' id='word_1_110' title='bbox 1317 1771 1416 1816; x_wconf 83' lang='lat'>123.</span> <span class='ocrx_word' id='word_1_111' title='bbox 1437 1796 1496 1803; x_wconf 88' lang='lat'><em>-</em></span> <span class='ocrx_word' id='word_1_112' title='bbox 1517 1771 1555 1814; x_wconf 81' lang='lat' dir='ltr'>E</span> <span class='ocrx_word' id='word_1_113' title='bbox 1577 1770 1791 1828; x_wconf 85' lang='lat' dir='ltr'><strong>florilegio</strong></span> <span class='ocrx_word' id='word_1_114' title='bbox 1821 1770 2012 1829; x_wconf 84' lang='lat' dir='ltr'><strong>quodam</strong></span> 
     </span>
    </p>
   </div>
   <div class='ocr_carea' id='block_1_8' title="bbox 298 1841 2010 1957">
    <p class='ocr_par' dir='ltr' id='par_1_10' title="bbox 298 1841 2010 1957">
     <span class='ocr_line' id='line_1_22' title="bbox 298 1841 2010 1901; baseline 0.001 -16"><span class='ocrx_word' id='word_1_115' title='bbox 298 1843 342 1885; x_wconf 88' lang='lat' dir='ltr'><strong>in</strong></span> <span class='ocrx_word' id='word_1_116' title='bbox 376 1856 541 1901; x_wconf 79' lang='lat' dir='ltr'>papyro</span> <span class='ocrx_word' id='word_1_117' title='bbox 571 1841 713 1885; x_wconf 88' lang='lat' dir='ltr'><strong>Berol.</strong></span> <span class='ocrx_word' id='word_1_118' title='bbox 747 1842 876 1885; x_wconf 90' lang='grc'><strong>9772.</strong></span> <span class='ocrx_word' id='word_1_119' title='bbox 909 1850 1081 1885; x_wconf 83' lang='lat' dir='ltr'><strong>servato</strong></span> <span class='ocrx_word' id='word_1_120' title='bbox 1128 1843 1363 1900; x_wconf 74' lang='lat' dir='ltr'><strong>exscripsit</strong></span> <span class='ocrx_word' id='word_1_121' title='bbox 1394 1850 1523 1901; x_wconf 86' lang='lat' dir='ltr'><strong>atque</strong></span> <span class='ocrx_word' id='word_1_122' title='bbox 1554 1842 1774 1901; x_wconf 80' lang='lat' dir='ltr'><strong>supplevit</strong></span> <span class='ocrx_word' id='word_1_123' title='bbox 1803 1841 2010 1887; x_wconf 85' lang='lat' dir='ltr'><strong>Wilamo·</strong></span> 
     </span>
     <span class='ocr_line' id='line_1_23' title="bbox 300 1913 1232 1957; baseline 0.002 -2"><span class='ocrx_word' id='word_1_124' title='bbox 300 1914 397 1957; x_wconf 87' lang='lat' dir='ltr'><strong>witz</strong></span> <span class='ocrx_word' id='word_1_125' title='bbox 429 1927 587 1957; x_wconf 80' lang='lat' dir='ltr'><strong>versus</strong></span> <span class='ocrx_word' id='word_1_126' title='bbox 617 1913 790 1957; x_wconf 90' lang='lat' dir='ltr'><strong>Platoni</strong></span> <span class='ocrx_word' id='word_1_127' title='bbox 823 1914 992 1957; x_wconf 86' lang='lat' dir='ltr'><strong>eomieo</strong></span> <span class='ocrx_word' id='word_1_128' title='bbox 1023 1913 1232 1957; x_wconf 88' lang='lat' dir='ltr'><strong>tribuens.</strong></span> 
     </span>
    </p>
   </div>
   <div class='ocr_carea' id='block_1_9' title="bbox 300 1984 2018 2546">
    <p class='ocr_par' dir='ltr' id='par_1_11' title="bbox 300 1984 2018 2546">
     <span class='ocr_line' id='line_1_24' title="bbox 443 1984 2013 2043; baseline 0.004 -16"><span class='ocrx_word' id='word_1_129' title='bbox 443 1984 668 2028; x_wconf 86' lang='lat' dir='ltr'><strong>Eudemus</strong></span> <span class='ocrx_word' id='word_1_130' title='bbox 699 1984 789 2042; x_wconf 85' lang='lat' dir='ltr'><strong>(vel</strong></span> <span class='ocrx_word' id='word_1_131' title='bbox 820 1986 962 2039; x_wconf 83' lang='lat' dir='ltr'><strong>potius</strong></span> <span class='ocrx_word' id='word_1_132' title='bbox 994 1985 1239 2043; x_wconf 85' lang='lat' dir='ltr'><strong>Eudamus)</strong></span> <span class='ocrx_word' id='word_1_133' title='bbox 1270 1985 1425 2029; x_wconf 80' lang='lat' dir='ltr'><strong>anulos</strong></span> <span class='ocrx_word' id='word_1_134' title='bbox 1447 1987 1643 2043; x_wconf 81' lang='lat' dir='ltr'><strong>magicos</strong></span> <span class='ocrx_word' id='word_1_135' title='bbox 1665 1984 1935 2042; x_wconf 81' lang='grc' dir='ltr'>(δακτυλίους</span> <span class='ocrx_word' id='word_1_136' title='bbox 1953 2010 2013 2018; x_wconf 93' lang='grc'><strong>-</strong></span> 
     </span>
     <span class='ocr_line' id='line_1_25' title="bbox 301 2056 2016 2116; baseline -0.001 -14"><span class='ocrx_word' id='word_1_137' title='bbox 301 2057 594 2116; x_wconf 86' lang='grc' dir='ltr'>φαρμακίτας)</span> <span class='ocrx_word' id='word_1_138' title='bbox 625 2056 855 2110; x_wconf 86' lang='lat' dir='ltr'><strong>vendebat,</strong></span> <span class='ocrx_word' id='word_1_139' title='bbox 885 2056 1044 2114; x_wconf 90' lang='lat' dir='ltr'><strong>quibus</strong></span> <span class='ocrx_word' id='word_1_140' title='bbox 1087 2056 1247 2101; x_wconf 82' lang='lat' dir='ltr'><strong>Graeci</strong></span> <span class='ocrx_word' id='word_1_141' title='bbox 1280 2066 1431 2101; x_wconf 85' lang='lat' dir='ltr'><strong>eontra</strong></span> <span class='ocrx_word' id='word_1_142' title='bbox 1468 2058 1737 2115; x_wconf 87' lang='lat' dir='ltr'><strong>serpentium</strong></span> <span class='ocrx_word' id='word_1_143' title='bbox 1770 2072 1941 2101; x_wconf 82' lang='lat' dir='ltr'><strong>morsus</strong></span> <span class='ocrx_word' id='word_1_144' title='bbox 1971 2064 2016 2102; x_wconf 82' lang='lat' dir='ltr'>et</span> 
     </span>
     <span class='ocr_line' id='line_1_26' title="bbox 300 2127 2015 2189; baseline 0.004 -19"><span class='ocrx_word' id='word_1_145' title='bbox 300 2128 386 2170; x_wconf 88' lang='lat' dir='ltr'><strong>alia</strong></span> <span class='ocrx_word' id='word_1_146' title='bbox 417 2127 632 2171; x_wconf 90' lang='lat' dir='ltr'><strong>eiusmodi</strong></span> <span class='ocrx_word' id='word_1_147' title='bbox 679 2128 923 2171; x_wconf 84' lang='lat' dir='ltr'><strong>utebantur.</strong></span> <span class='ocrx_word' id='word_1_148' title='bbox 956 2127 1046 2172; x_wconf 81' lang='lat' dir='ltr'>Ofr.</span> <span class='ocrx_word' id='word_1_149' title='bbox 1078 2129 1153 2172; x_wconf 88' lang='lat' dir='ltr'>Ar.</span> <span class='ocrx_word' id='word_1_150' title='bbox 1184 2128 1297 2172; x_wconf 87' lang='lat' dir='ltr'><strong>Plut.</strong></span> <span class='ocrx_word' id='word_1_151' title='bbox 1330 2130 1434 2174; x_wconf 84' lang='lat'>884:</span> <span class='ocrx_word' id='word_1_152' title='bbox 1476 2134 1604 2189; x_wconf 83' lang='grc' dir='ltr'>φορῶ</span> <span class='ocrx_word' id='word_1_153' title='bbox 1643 2130 1735 2189; x_wconf 80' lang='grc' dir='ltr'>γὰρ</span> <span class='ocrx_word' id='word_1_154' title='bbox 1774 2129 2015 2189; x_wconf 84' lang='grc' dir='ltr'>πριάμενος</span> 
     </span>
     <span class='ocr_line' id='line_1_27' title="bbox 300 2197 2013 2262; baseline 0.001 -18"><span class='ocrx_word' id='word_1_155' title='bbox 300 2202 380 2245; x_wconf 89' lang='grc' dir='ltr'>τὸν</span> <span class='ocrx_word' id='word_1_156' title='bbox 411 2198 642 2245; x_wconf 81' lang='grc' dir='ltr'>δακτύλιον</span> <span class='ocrx_word' id='word_1_157' title='bbox 671 2198 792 2245; x_wconf 80' lang='grc' dir='ltr'>τονδὶ</span> <span class='ocrx_word' id='word_1_158' title='bbox 825 2197 936 2259; x_wconf 79' lang='grc' dir='ltr'>παρ’</span> <span class='ocrx_word' id='word_1_159' title='bbox 972 2197 1172 2258; x_wconf 81' lang='grc' dir='ltr'>Εὐδάμου</span> <span class='ocrx_word' id='word_1_160' title='bbox 1201 2199 1398 2262; x_wconf 84' lang='grc' dir='ltr'>δραχμῆς</span> <span class='ocrx_word' id='word_1_161' title='bbox 1429 2216 1528 2244; x_wconf 84' lang='lat' dir='ltr'>eum</span> <span class='ocrx_word' id='word_1_162' title='bbox 1551 2201 1684 2244; x_wconf 83' lang='lat' dir='ltr'><strong>schol.</strong></span> <span class='ocrx_word' id='word_1_163' title='bbox 1716 2201 2013 2246; x_wconf 85' lang='lat' dir='ltr'><strong>adnotatione:</strong></span> 
     </span>
     <span class='ocr_line' id='line_1_28' title="bbox 303 2269 2016 2332; baseline 0.003 -17"><span class='ocrx_word' id='word_1_164' title='bbox 303 2269 532 2316; x_wconf 81' lang='grc' dir='ltr'>δακτύλιον</span> <span class='ocrx_word' id='word_1_165' title='bbox 562 2272 643 2316; x_wconf 89' lang='grc' dir='ltr'>τὸν</span> <span class='ocrx_word' id='word_1_166' title='bbox 672 2273 912 2328; x_wconf 75' lang='grc' dir='ltr'>λεγόμενον</span> <span class='ocrx_word' id='word_1_167' title='bbox 945 2272 1232 2331; x_wconf 84' lang='grc' dir='ltr'>φαρμακίτην.</span> <span class='ocrx_word' id='word_1_168' title='bbox 1269 2270 1466 2318; x_wconf 80' lang='grc' dir='ltr'>Εὔπολις</span> <span class='ocrx_word' id='word_1_169' title='bbox 1496 2271 1699 2320; x_wconf 79' lang='grc' dir='ltr'>Βάπταις</span> <span class='ocrx_word' id='word_1_170' title='bbox 1716 2274 1920 2332; x_wconf 82' lang='grc' dir='ltr'>μέμνηται</span> <span class='ocrx_word' id='word_1_171' title='bbox 1944 2273 2016 2319; x_wconf 72' lang='grc' dir='ltr'>καὶ</span> 
     </span>
     <span class='ocr_line' id='line_1_29' title="bbox 316 2339 2014 2406; baseline 0.002 -19"><span class='ocrx_word' id='word_1_172' title='bbox 316 2339 550 2401; x_wconf 79' lang='grc' dir='ltr'>Ἀμειψίας.</span> <span class='ocrx_word' id='word_1_173' title='bbox 582 2345 608 2387; x_wconf 88' lang='grc' dir='ltr'>ό</span> <span class='ocrx_word' id='word_1_174' title='bbox 640 2340 679 2388; x_wconf 79' lang='grc' dir='ltr'>δ’</span> <span class='ocrx_word' id='word_1_175' title='bbox 714 2340 913 2400; x_wconf 75' lang='grc' dir='ltr'>Εὔδαμος</span> <span class='ocrx_word' id='word_1_176' title='bbox 944 2344 1307 2403; x_wconf 83' lang='grc' dir='ltr'>φαρμακοπώλης</span> <span class='ocrx_word' id='word_1_177' title='bbox 1353 2342 1378 2397; x_wconf 83' lang='grc' dir='ltr'>ἣ</span> <span class='ocrx_word' id='word_1_178' title='bbox 1418 2345 1720 2406; x_wconf 81' lang='grc' dir='ltr'>χρυςοπώλης,</span> <span class='ocrx_word' id='word_1_179' title='bbox 1760 2345 2014 2403; x_wconf 78' lang='grc' dir='ltr'>τετελεσμέ-</span> 
     </span>
     <span class='ocr_line' id='line_1_30' title="bbox 304 2411 2018 2476; baseline 0.004 -19"><span class='ocrx_word' id='word_1_180' title='bbox 304 2431 402 2458; x_wconf 87' lang='grc' dir='ltr'>νους</span> <span class='ocrx_word' id='word_1_181' title='bbox 432 2411 686 2459; x_wconf 86' lang='grc' dir='ltr'>δακτυλίους</span> <span class='ocrx_word' id='word_1_182' title='bbox 716 2416 889 2460; x_wconf 84' lang='grc' dir='ltr'>πωλῶν.</span> <span class='ocrx_word' id='word_1_183' title='bbox 923 2417 1176 2474; x_wconf 91' lang='grc' dir='ltr'>φιλόςοφος</span> <span class='ocrx_word' id='word_1_184' title='bbox 1204 2413 1253 2460; x_wconf 84' lang='grc' dir='ltr'>δὲ</span> <span class='ocrx_word' id='word_1_185' title='bbox 1283 2414 1334 2469; x_wconf 84' lang='grc' dir='ltr'>ἦν</span> <span class='ocrx_word' id='word_1_186' title='bbox 1364 2414 1496 2462; x_wconf 79' lang='grc' dir='ltr'>οὗτος</span> <span class='ocrx_word' id='word_1_187' title='bbox 1526 2419 1551 2462; x_wconf 90' lang='grc' dir='ltr'>ὁ</span> <span class='ocrx_word' id='word_1_188' title='bbox 1585 2413 1784 2475; x_wconf 73' lang='grc' dir='ltr'>Εὔδαμος</span> <span class='ocrx_word' id='word_1_189' title='bbox 1813 2415 2018 2476; x_wconf 80' lang='grc' dir='ltr'>φυσικοὺς</span> 
     </span>
     <span class='ocr_line' id='line_1_31' title="bbox 304 2482 2015 2546; baseline 0 -17"><span class='ocrx_word' id='word_1_190' title='bbox 304 2482 556 2530; x_wconf 85' lang='grc' dir='ltr'>δακτυλίους</span> <span class='ocrx_word' id='word_1_191' title='bbox 585 2489 723 2530; x_wconf 85' lang='grc' dir='ltr'>ποιῶν</span> <span class='ocrx_word' id='word_1_192' title='bbox 754 2487 875 2543; x_wconf 84' lang='grc' dir='ltr'>πρὸς</span> <span class='ocrx_word' id='word_1_193' title='bbox 909 2484 1088 2543; x_wconf 65' lang='grc' dir='ltr'>δαίμονα</span> <span class='ocrx_word' id='word_1_194' title='bbox 1109 2487 1179 2532; x_wconf 79' lang='grc' dir='ltr'>καὶ</span> <span class='ocrx_word' id='word_1_195' title='bbox 1199 2488 1326 2546; x_wconf 87' lang='grc' dir='ltr'>ὄφεις</span> <span class='ocrx_word' id='word_1_196' title='bbox 1344 2488 1414 2533; x_wconf 77' lang='grc' dir='ltr'>καὶ</span> <span class='ocrx_word' id='word_1_197' title='bbox 1434 2486 1491 2532; x_wconf 85' lang='grc' dir='ltr'>τὰ</span> <span class='ocrx_word' id='word_1_198' title='bbox 1511 2490 1708 2533; x_wconf 85' lang='grc' dir='ltr'>τοιαῦτα.</span> <span class='ocrx_word' id='word_1_199' title='bbox 1729 2485 2015 2545; x_wconf 70' lang='lat' dir='ltr'><strong>Theophrast.</strong></span> 
     </span>
    </p>
   </div>
   <div class='ocr_carea' id='block_1_10' title="bbox 305 2554 1866 2612">
    <p class='ocr_par' dir='ltr' id='par_1_12' title="bbox 305 2554 1866 2612">
     <span class='ocr_line' id='line_1_32' title="bbox 305 2554 1866 2612; baseline 0.003 -15"><span class='ocrx_word' id='word_1_200' title='bbox 305 2555 360 2599; x_wconf 87' lang='grc' dir='ltr'>Η.</span> <span class='ocrx_word' id='word_1_201' title='bbox 391 2554 524 2612; x_wconf 69' lang='lat' dir='ltr'><strong>plant,</strong></span> <span class='ocrx_word' id='word_1_202' title='bbox 556 2555 637 2611; x_wconf 86' lang='lat' dir='ltr'>IX,</span> <span class='ocrx_word' id='word_1_203' title='bbox 672 2556 740 2611; x_wconf 84' lang='lat'>17,</span> <span class='ocrx_word' id='word_1_204' title='bbox 771 2556 811 2599; x_wconf 89' lang='grc'>2.</span> <span class='ocrx_word' id='word_1_205' title='bbox 836 2582 888 2588; x_wconf 95' lang='grc'>-</span> <span class='ocrx_word' id='word_1_206' title='bbox 922 2556 1087 2601; x_wconf 80' lang='lat' dir='ltr'><strong>Oratio.</strong></span> <span class='ocrx_word' id='word_1_207' title='bbox 1121 2557 1172 2600; x_wconf 83' lang='lat' dir='ltr'>fr.</span> <span class='ocrx_word' id='word_1_208' title='bbox 1204 2559 1292 2602; x_wconf 90' lang='grc'>299</span> <span class='ocrx_word' id='word_1_209' title='bbox 1324 2558 1379 2601; x_wconf 87' lang='lat' dir='ltr'>K.</span> <span class='ocrx_word' id='word_1_210' title='bbox 1411 2583 1468 2590; x_wconf 90' lang='grc'>--</span> <span class='ocrx_word' id='word_1_211' title='bbox 1501 2561 1574 2603; x_wconf 84' lang='lat' dir='ltr'>Ar.</span> <span class='ocrx_word' id='word_1_212' title='bbox 1606 2558 1659 2602; x_wconf 85' lang='lat' dir='ltr'>fr.</span> <span class='ocrx_word' id='word_1_213' title='bbox 1691 2559 1779 2603; x_wconf 78' lang='lat'>250</span> <span class='ocrx_word' id='word_1_214' title='bbox 1810 2558 1866 2602; x_wconf 87' lang='grc' dir='ltr'>Κ.</span> 
     </span>
    </p>
   </div>
   <div class='ocr_carea' id='block_1_11' title="bbox 307 2675 2017 3058">
    <p class='ocr_par' dir='ltr' id='par_1_13' title="bbox 307 2675 2017 3058">
     <span class='ocr_line' id='line_1_33' title="bbox 979 2675 1342 2721; baseline 0 -2"><span class='ocrx_word' id='word_1_215' title='bbox 979 2675 1342 2721; x_wconf 83' lang='lat' dir='ltr'><strong>POLYZELUS.</strong></span> 
     </span>
     <span class='ocr_line' id='line_1_34' title="bbox 1143 2761 1180 2803; baseline -0.027 0"><span class='ocrx_word' id='word_1_216' title='bbox 1143 2761 1180 2803; x_wconf 94' lang='lat'>1.</span> 
     </span>
     <span class='ocr_line' id='line_1_35' title="bbox 956 2840 1373 2902; baseline 0 -15"><span class='ocrx_word' id='word_1_217' title='bbox 956 2840 1122 2902; x_wconf 60' lang='grc' dir='ltr'>ῥήμαθ’</span> <span class='ocrx_word' id='word_1_218' title='bbox 1154 2842 1373 2901; x_wconf 83' lang='grc' dir='ltr'>ἁμαξιαῖα.</span> 
     </span>
     <span class='ocr_line' id='line_1_36' title="bbox 447 2921 2017 2988; baseline 0.008 -24"><span class='ocrx_word' id='word_1_219' title='bbox 447 2921 570 2966; x_wconf 83' lang='lat' dir='ltr'><strong>Phot.</strong></span> <span class='ocrx_word' id='word_1_220' title='bbox 603 2922 744 2967; x_wconf 78' lang='lat' dir='ltr'><strong>Berol.</strong></span> <span class='ocrx_word' id='word_1_221' title='bbox 777 2925 846 2968; x_wconf 88' lang='grc'>87.</span> <span class='ocrx_word' id='word_1_222' title='bbox 879 2926 924 2969; x_wconf 84' lang='grc'>2;</span> <span class='ocrx_word' id='word_1_223' title='bbox 958 2925 1166 2984; x_wconf 80' lang='grc' dir='ltr'>ἁμαξιαῖα</span> <span class='ocrx_word' id='word_1_224' title='bbox 1197 2926 1382 2985; x_wconf 79' lang='grc' dir='ltr'>ῥήματα·</span> <span class='ocrx_word' id='word_1_225' title='bbox 1414 2928 1601 2986; x_wconf 79' lang='grc' dir='ltr'>μεγάλα,</span> <span class='ocrx_word' id='word_1_226' title='bbox 1632 2926 1661 2974; x_wconf 86' lang='grc' dir='ltr'><em>ἃ</em></span> <span class='ocrx_word' id='word_1_227' title='bbox 1692 2929 1823 2988; x_wconf 78' lang='grc' dir='ltr'>φέροι</span> <span class='ocrx_word' id='word_1_228' title='bbox 1853 2925 2017 2986; x_wconf 68' lang='grc' dir='ltr'>ἅμαξα,</span> 
     </span>
     <span class='ocr_line' id='line_1_37' title="bbox 307 2992 2014 3058; baseline 0.005 -20"><span class='ocrx_word' id='word_1_229' title='bbox 307 2995 385 3039; x_wconf 83' lang='grc' dir='ltr'>οὐκ</span> <span class='ocrx_word' id='word_1_230' title='bbox 414 2992 660 3053; x_wconf 61' lang='grc' dir='ltr'>ἅνθρωπος</span> <span class='ocrx_word' id='word_1_231' title='bbox 690 2994 715 3048; x_wconf 81' lang='grc' dir='ltr'>ἢ</span> <span class='ocrx_word' id='word_1_232' title='bbox 746 2993 995 3053; x_wconf 80' lang='grc' dir='ltr'>ὑποζύγιον.</span> <span class='ocrx_word' id='word_1_233' title='bbox 1029 2994 1360 3052; x_wconf 80' lang='grc' dir='ltr'>Πολύζηλος</span> <span class='ocrx_word' id='word_1_234' title='bbox 1402 3002 1446 3044; x_wconf 84' lang='grc' dir='ltr'>ἐν</span> <span class='ocrx_word' id='word_1_235' title='bbox 1486 2997 1761 3046; x_wconf 83' lang='grc' dir='ltr'>Διονύσου</span> <span class='ocrx_word' id='word_1_236' title='bbox 1799 3003 2014 3058; x_wconf 79' lang='grc' dir='ltr'>γοναῖς·</span> 
     </span>
    </p>
   </div>
  </div>
 </body>
</html>
