2280 3626
352 162 407 211 86
981 179 1153 212 tomum
1174 178 1433 213 mansuum(
1962 160 2062 216 [2⁹01

354 315 487 357 πολις
517 311 587 368 (fr.
619 312 705 354 377
738 309 799 368 K)
828 313 907 370 μὲν
937 311 1048 358 ἰδίως
1077 313 1154 358 ἐπὶ
1183 316 1265 358 τοῦ
1303 312 1359 369 μὴ
1390 311 1622 370 δυναμένου
1654 311 1679 366 ἣ
1706 312 1763 371 μὴ
1792 310 2062 370 βουλομένου

355 381 648 443 ὠφεληθῆναι,
680 386 723 429 οἱ
752 381 800 429 δὲ
829 384 998 429 πολλοὶ
1030 384 1105 429 ἐπὶ
1134 388 1216 429 τοῦ
1242 384 1298 442 μὴ
1325 387 1510 443 ὠφελεῖν
1529 382 1752 430 θέλοντος
1771 383 1797 439 ἣ
1816 382 2059 442 δυναμένου.

353 453 442 498 cfr.
486 454 642 498 Aesoh.
684 453 814 498 Choe.
859 457 963 510 7523
1007 454 1134 514 Soph.
1176 457 1275 499 Ant.
1316 457 1421 501 645:
1464 456 1796 516 ἀνωφέλητα...
1828 457 1971 503 τέκνα.
2003 481 2062 488 -

352 525 466 569 Men.
499 526 592 570 Per.
626 527 682 570 78
717 527 892 571 Koerte:
925 525 1096 582 ἀλαζὼν
1125 529 1195 574 καὶ
1223 526 1388 574 ,θεοῖςιν
1418 526 1603 590 ἐχθρός.

933 623 1248 681 Fragmentum
1281 622 1475 668 dubium.

1172 696 1240 740 10.

677 769 833 813 ςαυτὸν
863 764 902 812 δ’
934 768 1199 826 ἀποφαίνεις
1229 769 1463 827 κενότερον
1491 766 1736 826 λεβηρίδος.

495 850 652 894 Athen.
684 849 812 904 VHI,
844 864 882 907 p.
915 850 1002 893 362
1035 849 1078 892 b:
1129 850 1306 896 πάντας
1342 850 1434 910 ιγὰρ
1475 848 1760 909 ἐπιστομίζειν
1799 852 2064 911 πειρώμενοι·

353 921 530 969 οὑδενὸς
558 923 636 980 μὲν
667 920 861 979 ἀμαθίαν
892 923 1125 979 κατέγνως,
1158 925 1379 973 ,ςαυτὸν
1409 920 1447 967 3
1479 920 1590 968 κτλ.
1623 949 1678 954 -
1710 922 1903 966 Erotian.
1934 922 2005 980 93,
2035 922 2063 967 8

352 994 502 1037 Klein:
533 992 777 1052 λεβηρίδος’
810 992 1045 1051 ὑμενώδους
1085 994 1410 1054 ἀποςύρματος.
1442 995 1561 1053 ὅπερ
1592 995 1681 1040 ε’ςτι
1719 997 1775 1040 τὸ
1804 999 1891 1040 τῶν
1919 995 2065 1055 ὄφεων

351 1067 590 1123 λεγόμενον
619 1068 773 1122 γῆρας,
804 1067 861 1110 ὡς
891 1065 961 1110 καὶ
1004 1062 1317 1125 Αριςτοφᾰνης
1347 1068 1393 1111 ἐν
1437 1063 1685 1128 Αμφιαράῳ
1713 1065 1784 1124 (fr
1816 1066 1874 1109 35
1904 1064 2065 1123 K)m1

352 1135 572 1196 Στράττις
602 1140 648 1182 ἐν
681 1134 921 1182 Φοινίςςαις
951 1135 1020 1194 (fr.
1052 1138 1111 1180 49
1141 1135 1213 1194 Ὦ.
1245 1135 1317 1179 Ex
1336 1152 1421 1195 quo
1443 1135 1592 1194 colligi
1623 1143 1764 1195 potest
1796 1135 2063 1182 Athenaeum

352 1224 528 1252 versum
562 1211 719 1254 ςαυτὸν
749 1206 787 1254 3
819 1211 914 1254 κτλ.
948 1223 972 1252 0
1015 1206 1237 1252 Strattidis
1284 1209 1429 1267 aliqua
1471 1207 1633 1263 fabula,
1676 1208 1772 1252 fort.
1813 1207 2066 1252 Phoenissis

352 1282 600 1339 sumpsisse.
642 1280 839 1323 Strattidi
873 1295 1051 1324 versum
1083 1281 1282 1339 assignat
1312 1279 1474 1324 Nauck
1505 1280 1622 1338 (Mel.
1653 1280 1730 1327 VI.
1762 1281 1874 1339 176).
1896 1306 1955 1313 —
1974 1278 2065 1324 cfr.

354 1353 475 1396 Hes:
506 1354 775 1410 γυμνότερος
805 1350 1080 1412 λεβηρίδος...
1114 1354 1203 1400 ε’ςτι
1232 1351 1281 1399 δὲ
1321 1351 1501 1413 λεβηρῖς
1529 1355 1586 1399 τὸ
1615 1357 1696 1399 τοῦ
1715 1354 1863 1413 ὄφεως
1879 1355 2064 1413 γῆρας...

353 1426 477 1470 κενὸν
507 1423 555 1470 δὲ
585 1425 747 1470 τελέως
778 1425 867 1470 ε’ςτῖ
895 1429 1032 1471 τοῦτο
1069 1426 1139 1471 καὶ
1167 1427 1350 1485 τυφλόν.
1393 1424 1476 1471 τὰς
1514 1424 1606 1484 γὰρ
1646 1424 1768 1471 ὀπὰς
1808 1426 1946 1482 μόνας
1974 1424 2066 1486 ἔχει

355 1500 441 1542 τῶν
471 1493 765 1555 ὀφθαλμῶν..
781 1530 791 1540 .
837 1499 970 1557 τριχῇ
1006 1494 1055 1542 δὲ
1084 1495 1388 1556 ἀναγράφουςι
1418 1496 1498 1550 τὴν
1528 1496 1780 1556 παροιμίαν.
1812 1498 1856 1542 οἱ
1881 1496 1961 1554 μὲν
1987 1513 2066 1542 τυ-

355 1569 582 1627 φλότερος
611 1570 666 1618 λ..
699 1570 742 1614 οἱ
770 1566 819 1613 δὲ
848 1568 1086 1627 κενώτερος
1114 1571 1172 1619 λ..
1203 1570 1247 1614 οἱ
1265 1566 1314 1614 δὲ
1332 1569 1611 1626 γυμνότερος.
1643 1566 1713 1610 De
1734 1566 1968 1626 proverbio
1986 1565 2067 1611 oft.

352 1638 549 1682 Paroem.
581 1638 657 1684 Gr.
688 1638 723 1693 1,
756 1654 794 1697 p.
826 1638 926 1695 228,
957 1642 986 1682 4
1017 1647 1060 1682 et
1089 1639 1190 1696 428,
1223 1641 1266 1693 73
1299 1639 1356 1695 ΙΙ,
1389 1655 1428 1697 p.
1458 1639 1559 1693 499,
1593 1639 1649 1683 10
1678 1637 1882 1683 Leutseh.

499 1709 687 1757 κενότερον
712 1722 804 1748 corr.
832 1708 875 1756 C]
903 1710 1100 1758 κενῶτσρον
1124 1711 1169 1748 Α.

1016 1793 1399 1839 TELEGLIDES.

1191 1869 1228 1912 1.

672 1940 987 1997 ἀνακλαύςομαι
1018 1958 1069 1985 τε
1099 1938 1386 1997 μεγά<λα>
1421 1937 1749 1995 κάνοιμώξομαι.

497 2020 619 2064 Phot.
638 2021 778 2065 Berol.
802 2023 901 2078 143,
924 2023 997 2065 12:
1020 2021 1322 2081 ἀνοιμώξαμαι·
1358 2019 1429 2076 Τη
1438 2025 1468 2067 λ
1479 2040 1501 2067 ε
1513 2025 1576 2067 κλ
1587 2039 1609 2067 ε
1620 2020 1670 2067 ίδ
1678 2040 1704 2076 η
1714 2039 1738 2067 ς
1782 2018 1824 2067 Ἀ
1833 2039 1862 2079 μ
1873 2028 1911 2081 φ
1922 2038 2009 2067 ικτ
2018 2021 2066 2067 ὑ-

358 2105 488 2140 οςιν·
538 2094 984 2152 ,ἀνακλαύςομαί
1023 2112 1083 2140 τε
1129 2092 1239 2140 κτλ.’
1272 2118 1328 2124 -
1360 2091 1450 2136 Ofr.
1494 2093 1598 2137 Hes.
1641 2090 1962 2150 ἀνοιμώξαντες
1999 2092 2069 2138 καὶ

357 2165 776 2225 κατολοφυρόμενοι.

498 2236 728 2282 μεγά<λα>
761 2235 1022 2283 κάνοιμῶξομαι
1047 2235 1179 2284 Boia]
1203 2236 1295 2283 μέγα
1321 2236 1377 2272 καὶ
1403 2234 1641 2282 ἀνοιμῶξομαι
1666 2235 1698 2272 b.

502 2392 624 2435 Phot.
656 2392 794 2436 Berol.
828 2393 926 2448 105,
958 2393 1004 2436 9:
1038 2395 1228 2452 ἀμφορῆ·
1263 2394 1319 2438 τὸ
1349 2391 1491 2438 ὃυικὸν
1522 2396 1857 2452 ςυναλειφοντες
1886 2394 1929 2438 οἱ
1971 2388 2067 2438 Ἀτ-

360 2466 469 2510 τικοὶ
499 2466 698 2522 λέγουςιν
729 2466 825 2510 ἀντὶ
854 2469 935 2511 τοῦ
965 2466 1163 2524 ἀμφορέε
1203 2465 1273 2510 καὶ
1303 2464 1359 2510 τὰ
1392 2463 1508 2510 ἄλλα
1539 2468 1765 2523 ὁμοιως...
1798 2464 1936 2510 οὕτως
1972 2460 2067 2518 Τη-

359 2535 661 2591 λεκλείδης
704 2534 977 2582 Ἠςιόδοις
1016 2537 1086 2582 καὶ
1115 2538 1158 2583 οἱ
1185 2537 1350 2582 λοιποί.
1387 2561 1439 2567 -
1474 2536 1543 2579 Ex
1574 2550 1659 2595 quo
1701 2535 1845 2579 elucet
1882 2532 2069 2579 Teleeli-

360 2607 459 2650 dem
492 2622 675 2651 numero
717 2606 834 2650 duali
866 2608 911 2650 in
944 2611 995 2662 -ῆ
1035 2615 1260 2651 contracto
1300 2614 1349 2650 ut
1389 2610 1567 2667 ἀμφορῆ
1607 2607 1653 2650 in
1695 2605 1847 2651 fabula
1890 2603 2069 2653 Ἠςίοδοι

363 2694 488 2722 usum
523 2678 671 2722 fuisse.

1011 2749 1422 2796 THEOPOMPUS.

1199 2823 1234 2865 1.

722 2895 878 2939 ἔπειτα
909 2897 987 2939 κάν
1017 2893 1251 2955 Δελφοῖσιν
1279 2893 1470 2948 ἀνετέθη
1497 2902 1700 2954 γραφεις·

722 2965 788 3010 ἀεὶ
816 2967 1019 3024 γεωργὸς
1047 2968 1109 3011 εἰς
1140 2966 1277 3012 νέωτα
1307 2968 1500 3028 χρηςτὸς
1529 2963 1592 3023 ἦν,

723 3040 903 3092 πρᾶτον
934 3038 1053 3082 πολὺ
1084 3039 1163 3082 τὸν
1193 3038 1316 3094 λιμὸν
1347 3036 1626 3096 ἀποφεύγων.
