2280 3626
0 0 27 36 ¹5¹⁶

0 58 24 74 3.

0 79 15 88 ,,

282 240 381 290 [²45]
878 249 1199 279 sonuum-run
1218 247 1395 276 cumcun
1922 228 1979 271 41

781 379 940 421 ἐκεῖνος
969 376 1144 435 ἰςχυρὸς
1172 371 1347 432 ςφόδρα

780 446 831 501 ἦν
859 445 1110 504 κάτερᾰμων

785 518 1174 570 <κάνηλέητος>,
1206 515 1258 560 ὃς
1287 513 1500 559 κλάουςαν
1527 516 1635 559 τότε

781 591 858 635 οὐκ
886 589 1071 641 ἠλέηςεν.

284 662 421 718 Queri
451 661 627 705 videtur
658 661 813 704 Danae
844 659 897 700 de
927 659 972 701 vi
1004 658 1089 700 sibi
1120 673 1145 700 a
1175 659 1282 701 Iove
1312 656 1447 699 illata.

426 741 591 776 nomen
624 730 801 774 fabulae
831 728 979 783 Δανάη
1009 729 1152 772 adhue
1182 730 1377 786 ignotum
1409 734 1513 770 erat.
1544 725 1707 768 Eodem
1739 725 1885 768 indice
1915 724 1984 767 usi

283 812 386 848 eunt
414 802 739 861 Apollophanes
769 801 911 859 (Koek
938 801 975 852 Ι,
1007 801 1110 857 707)
1139 807 1183 843 et
1213 800 1431 857 Sannyrio
1463 797 1560 850 (Ko.
1589 797 1626 851 I,
1658 797 1772 853 794).

1114 908 1142 950 2

595 991 746 1043 νόθος,
780 990 1061 1051 ἀμφίδουλος,
1093 988 1340 1047 οὐδαμόθεν
1370 988 1519 1039 οὐδείς,
1550 988 1670 1033 κύων.

426 1089 549 1132 Phot.
580 1087 720 1131 Berol.
756 1087 852 1142 100,
885 1088 957 1129 17:
990 1084 1269 1145 ἀμφίδουλος·
1298 1088 1325 1130 ὀ
1358 1083 1415 1138 ἐξ
1443 1084 1656 1141 ἑκατέρων
1701 1086 1785 1127 τῶν
1822 1082 1985 1138 γονέων

285 1161 455 1208 δοῦλος·
497 1162 585 1206 ἕςτι
614 1157 725 1217 παρ’
770 1156 1036 1218 Εὐβούλῳ
1081 1160 1137 1202 ἐν
1181 1153 1492 1215 Πεντάθλῳ
1537 1156 1563 1207 ἡ
1607 1152 1742 1207 λέξις·
1793 1150 1985 1205 ,νόθος

285 1231 387 1279 xre!
419 1257 478 1263 —
508 1231 613 1274 Hes.
644 1228 922 1288 ἀμφίδουλος·
954 1227 1011 1282 ἐξ
1040 1229 1301 1287 ἀμφοτέρων
1328 1231 1415 1272 τῶν
1443 1227 1606 1283 γονέων
1646 1223 1813 1270 δοῦλος.
1859 1222 1983 1266 Idem

287 1302 465 1347 exhibet
493 1301 615 1344 Eust.
651 1303 776 1354 1445,
807 1301 865 1343 50
908 1306 950 1341 et
989 1299 1057 1341 Et.
1100 1299 1243 1354 Magn.
1285 1298 1354 1352 87,
1385 1298 1455 1339 54.
1486 1322 1543 1328 -
1577 1295 1737 1338 Pollae.
1778 1294 1832 1345 V,
1881 1294 1984 1336 162:

287 1374 364 1420 ἐπὶ
391 1377 474 1419 τοῦ
500 1371 680 1430 μηδενὸς
710 1371 838 1426 ἀξίου
869 1372 1034 1422 εὔωνος,
1066 1369 1204 1415 οὐδεὶς
1234 1367 1547 1426 οὐδαμόθεν...
1569 1369 1620 1412 ὃν
1639 1370 1818 1412 πολλοῦ
1846 1365 1900 1410 ἄν
1918 1383 1986 1410 τις

285 1445 492 1503 rimie-atro
521 1447 603 1490 τοῦ
630 1442 875 1501 μηδενός...
910 1443 1336 1500 εὐκαταφρόνητος..
1350 1474 1360 1482 .
1391 1439 1492 1485 οὐδὲ
1509 1443 1592 1485 τοῦ
1609 1440 1826 1499 τυχόντος
1846 1435 1982 1491 ἄξιος.

286 1515 378 1561 cfr.
408 1515 542 1571 [Eun]
574 1515 666 1558 Ion.
696 1516 802 1557 594:
843 1512 972 1571 μηδὲν
1002 1514 1071 1558 καὶ
1100 1511 1224 1558 οὐδὲν
1253 1513 1311 1557 ὢν
1339 1511 1600 1567 κεκλήσομαι.
1633 1535 1687 1540 -
1722 1509 1789 1551 Ad
1826 1509 1985 1563 Dioge-

286 1601 386 1630 nem
418 1587 623 1645 cynicum
655 1584 766 1628 haee
805 1584 959 1627 referri
1002 1598 1126 1640 posse
1170 1592 1289 1640 putat
1330 1581 1621 1625 Reitzenstein
1653 1596 1693 1637 p.
1722 1578 1896 1622 XXIV.
1930 1603 1984 1610 ——

286 1657 456 1700 Nomen
486 1656 662 1699 fabulae
693 1654 953 1701 Πένταθλος
981 1655 1068 1711 (vir
1098 1657 1289 1711 quinque
1321 1651 1579 1710 palmarum)
1614 1651 1758 1694 adhue
1788 1651 1983 1705 ignotum

286 1738 396 1782 θεαῖς
426 1728 577 1772 eodem
609 1727 754 1770 indice
784 1741 890 1768 usus
921 1735 986 1769 est
1015 1725 1280 1768 Xenarchus
1312 1723 1460 1777 (Kock
1490 1724 1549 1776 ΙΙ,
1578 1738 1618 1780 p.
1648 1722 1766 1775 468).

428 1798 520 1835 κύων
543 1797 579 1844 b]
614 1798 728 1834 κλύων
761 1799 866 1835 malit
890 1797 1019 1835 Naber
1041 1798 1102 1834 (cf.
1127 1798 1311 1835 Leeuwen
1335 1798 1412 1833 Mn.
1436 1810 1473 1832 n.
1497 1795 1657 1840 XXXV,
1682 1793 1765 1838 365)
1793 1805 1984 1838 παρατρα-

286 1857 490 1906 γῃδοῦντυς
515 1871 595 1895 esse
619 1859 735 1895 verba
759 1859 978 1901 suspicatus.
1003 1858 1066 1893 Nil
1090 1869 1195 1904 opus.

1004 1962 1271 2007 EUPOLIS.

1119 2047 1156 2089 l.

690 2133 748 2175 ὡς
780 2129 891 2188 ἦρξε
920 2130 1026 2188 περὶ
1057 2128 1229 2189 Μινῳαν
1258 2130 1392 2173 αὐτὸς
1420 2130 1574 2172 οὑτοςι.

430 2225 535 2267 Lex.
567 2226 748 2268 Messan.
780 2225 868 2267 280
898 2240 928 2267 v
960 2226 1004 2267 5:
1039 2222 1209 2284 Μινῷος
1238 2224 1309 2268 ςὺν
1338 2227 1400 2282 τῷ
1442 2256 1453 2279 ,
1492 2222 1562 2267 καὶ
1601 2220 1749 2280 Μίνῳα
1777 2221 1833 2264 τὸ
1862 2236 1983 2276 παρ·

290 2297 655 2358 εςχηματιςμένον,
687 2295 720 2356 ᾧ
750 2294 1038 2354 ςυνεξέδραμε
1067 2296 1137 2340 καὶ
1165 2297 1220 2339 τὸ
1249 2294 1481 2351 μονογενὲς
1511 2294 1645 2349 ὄνομα
1677 2289 1824 2351 Μίνῳα
1854 2291 1880 2343 ἠ
1911 2292 1983 2342 νῆ-

290 2384 376 2424 ςος,
406 2370 605 2420 κτητικοῦ
633 2366 723 2423 γὰρ
755 2367 910 2412 τύπου.
944 2367 1194 2423 ςημειωτέον
1229 2364 1290 2416 δέ,
1322 2366 1390 2410 ὅτι
1421 2359 1847 2422 προπαροξύνεςθαι
1878 2362 1991 2405 αἰτεῖ

290 2439 317 2491 ἡ
346 2437 528 2490 ςυςτολὴ
548 2441 630 2483 τοῦ
648 2448 688 2482 ᾱῐ.
723 2435 977 2484 Εὔπολις
1010 2435 1458 2495 Ἀςτρατεύτοις,
1491 2437 1557 2479 ὡς
1586 2432 1725 2488 ἦρξε
1754 2429 1862 2478 κτλ.’
1894 2433 1987 2489 ...τῇ

288 2508 379 2568 γὰρ
409 2511 591 2567 ςυςτολῆ
619 2508 754 2568 ταύτῃ
788 2507 1072 2562 ἀκολουθήςει
1102 2508 1172 2553 καῖ
1200 2509 1255 2552 τὸ
1275 2503 1712 2565 προπαροξύνεςθαι.
1735 2528 1792 2534 -
1816 2504 1882 2545 De
1903 2501 1982 2543 Mi-

290 2593 375 2622 noa
403 2578 548 2621 insula
578 2578 778 2621 conferas
809 2593 917 2635 qnae
949 2578 1150 2621 adnotavi
1183 2577 1238 2620 ad
1270 2577 1416 2621 Alcaei
1448 2576 1500 2618 fr.
1534 2578 1571 2619 1.

1119 2687 1158 2728 2.

662 2769 810 2824 ὅμοιον
840 2767 966 2827 ᾄδειν·
999 2770 1051 2812 οὑ
1079 2768 1169 2826 γὰρ
1201 2765 1286 2812 ἔστ’
1318 2767 1462 2812 ἄλλως
1493 2767 1609 2826 ἔχον.

434 2861 555 2905 Phot.
586 2861 723 2905 Berol.
754 2862 824 2907 48.
857 2863 901 2904 9:
934 2861 1048 2921 ᾄδειν
1078 2864 1237 2918 ὅμοιον·
1269 2861 1499 2914 καινοτάτη
1528 2858 1772 2913 ἠςύνταξις
1791 2858 1859 2902 καὶ
1882 2853 1981 2900 Ἀτ-

291 2938 427 2983 τικῶς,
461 2935 497 2978 εἰ
525 2933 601 2978 καί
623 2950 689 2977 τις
719 2931 843 2988 ἄλλη,
876 2934 1077 2990 εἰρημένη.
1119 2933 1300 2988 ςημαίνει
1331 2930 1379 2976 δὲ
1407 2934 1463 2976 τὸ
1491 2930 1628 2988 μα’την
1666 2930 1820 2984 λέγειν,
1862 2929 1919 2970 ὡς
1949 2928 1985 2970 εἰ

292 3005 361 3050 καὶ
391 3003 529 3049 ἄλλος
559 3001 674 3062 ᾄδειν
705 3000 857 3047 ἐθέλοι
889 3021 954 3047 τις
995 3005 1040 3047 ἐν
1069 3001 1206 3047 οὐδενὶ
1236 3001 1463 3060 πράγματι
1505 3002 1690 3059 ἀνυςίμῳ.
1735 2996 1983 3043 Εὔπολις

293 3079 349 3121 ἐν
397 3073 845 3133 Ἀστρατεύτοις·
877 3075 1089 3130 ,ὅμοιον
1118 3071 1220 3118 κτὲ.’
1254 3097 1309 3104 -
1341 3071 1503 3130 Phryn.
1535 3072 1604 3125 20,
1637 3073 1659 3113 1
1695 3070 1829 3111 Bon-‚2
1871 3065 1983 3126 ᾄδειν
