2280 3626
244 191 341 239 [281]
842 210 1164 237 SUPPLBMBNTUM
1184 209 1365 238 commun
1899 197 1953 239 77

309 350 327 355 ’
383 333 418 369 1.
450 330 759 380 Ἀφροδιταρίδιον
797 335 877 370 cod.
903 335 942 370 in
966 339 1100 381 poetae
1124 335 1260 372 verbis,
1308 332 1648 381 Ἀφροδιταροὺδιον
1684 338 1722 373 in
1759 335 1943 383 lemmate]

252 389 577 439 Ἀφροδιταρείὸιον
601 393 696 430 falso
722 394 827 429 malit
850 393 1040 440 Papadop.
1071 413 1114 418 —
1140 392 1299 440 περιίδῃς
1322 392 1426 441 Pap.]
1451 393 1609 440 περιίδῃς
1635 397 1715 432 cod.

1079 465 1119 507 4.

754 536 816 580 τὼ
847 540 1136 595 προσεμφερῆ
1164 536 1243 589 τὴν
1275 538 1444 595 σοφίαν.

387 617 505 661 Phot.
537 618 678 662 Berol.
714 618 812 674 105,
846 619 890 662 8:
922 621 1114 678 ἀμφορῆ·
1146 621 1202 664 τὸ
1233 618 1374 665 δυικὸν
1404 622 1741 680 συναλείφοντεσ
1770 625 1812 667 οἱ
1855 619 1952 667 Ἀτ-

242 690 353 736 τικοὶ
381 691 581 747 λέγουσιν
611 691 710 735 ἀντὶ
739 694 821 736 τοῦ
851 691 1050 750 ἀμφορέε
1080 691 1150 736 καὶ
1179 691 1236 736 τὰ
1264 690 1380 736 ἄλλα
1401 693 1624 749 ὁμοίωσ...
1648 690 1928 738 Πλάτων..
1945 729 1954 739 .

243 758 332 807 Διὶ
361 759 707 822 Κακουμένῳ·
741 762 826 818 ,τὼ
855 766 1234 821 προσεμφερῆ
1264 761 1374 808 κτλ.’

385 830 439 868 τὼ
462 835 698 879 προσεμφερῆ
725 831 857 879 Reitz.]
882 836 936 868 τῶ
960 838 1211 880 προσεμφερεΐ
1229 834 1260 868 b.

1083 907 1122 948 5.

932 1034 933 1037 ¹
1092 976 1389 1036 ἀπαμβρακοῦ

530 1048 599 1093 καὶ
626 1048 682 1105 μὴ
713 1047 893 1108 προδῷσ
924 1048 1092 1102 σαυτήν.

386 1118 511 1161 Phot.
552 1118 694 1161 Berol.
744 1120 812 1174 89,
860 1119 934 1162 26:
984 1118 1211 1177 ἀμβρακοῦ
1256 1122 1325 1166 καὶ
1371 1120 1679 1179 ἀπαμβρακοῦ.
1728 1119 1959 1167 Πλάτων

244 1189 402 1251 Λαΐῳ·
437 1193 568 1241 ,ἀπα
578 1209 606 1247 μ
617 1189 652 1247 β
660 1195 841 1249 ρακοῦ
869 1189 991 1242 κτλ.’,
1025 1192 1121 1236 ἀντὶ
1149 1196 1232 1237 τοῦ
1261 1193 1475 1251 καρτέρει,
1509 1190 1720 1251 ἀνδρίζου·
1759 1193 1957 1253 τικτούσῃ

245 1261 294 1308 δὲ
323 1263 684 1320 παρακελεύεται.
718 1262 824 1304 ibid.
845 1277 885 1319 p.
909 1264 1006 1314 155,
1039 1262 1114 1305 25:
1147 1262 1455 1322 ἀπαμβρακοῦ·
1486 1266 1606 1322 πρὸς
1627 1263 1854 1309 ὠδίνουσαν
1874 1283 1956 1320 γυ-

247 1337 381 1384 ναῖκα,
413 1335 627 1392 καρτέρει·
661 1334 706 1379 οἳ
734 1332 782 1378 δὲ
814 1332 1026 1393 ἀνδρίζου.
1060 1334 1188 1380 ἄλλοι
1215 1334 1457 1393 φυλάττου.
1481 1334 1694 1378 Similiter
1716 1334 1855 1377 Bekk.
1876 1335 1959 1378 An.

244 1405 347 1461 418,
378 1405 404 1448 8
436 1412 480 1447 et
511 1405 615 1447 Hes.
659 1421 691 1447 s.
723 1421 765 1447 v.
808 1404 1105 1464 ἀπαμβρακοῦ
1144 1414 1186 1448 et
1228 1405 1593 1465 ἐξαμβρακοῦται.
1626 1431 1683 1437 —
1715 1406 1882 1449 Versus
1913 1407 1959 1448 in

247 1476 401 1520 eadem
431 1476 605 1519 fabulae
638 1485 761 1532 parte
792 1478 839 1518 in
869 1492 955 1534 qua
988 1477 1041 1519 fr.
1074 1479 1131 1520 64
1163 1478 1204 1519 K
1237 1477 1374 1520 fuisse
1396 1478 1644 1535 suspicatur
1666 1477 1959 1521 Wilamowitz

247 1545 365 1605 (Sitz.
399 1548 526 1599 1907,
561 1549 616 1604 7),
645 1547 812 1591 Koerte
845 1555 988 1591 autem
1022 1549 1160 1606 (Burs.
1192 1548 1315 1592 Jhrb.
1350 1550 1477 1602 1911,
1509 1550 1612 1599 251)
1655 1558 1773 1592 recte
1815 1557 1960 1592 monet

247 1619 361 1663 solos
390 1635 432 1662 V.
465 1621 492 1663 5
524 1627 567 1662 et
598 1621 625 1663 6
657 1619 777 1662 illius
810 1619 1048 1676 fragmenti
1081 1636 1181 1663 cum
1214 1628 1362 1662 nostro
1394 1621 1601 1676 coniungi
1635 1635 1771 1677 posse.

389 1689 485 1738 Λαίῳ
510 1689 643 1737 Reitz]
668 1686 759 1727 λαΐα·
780 1691 810 1725 b.
839 1711 881 1716 —
910 1689 1151 1738 ἀπαμβρακοῦ
1173 1690 1305 1737 Reitz.]
1331 1692 1577 1738 ἀπαμπρακοῦ
1600 1693 1630 1726 b.

1085 1767 1124 1807 ὅ.

696 1833 767 1880 ὧδ’
801 1837 1159 1896 ἀναισχυντοῦντε
1189 1836 1251 1880 τὼ
1280 1839 1528 1895 μιλτηλιφῆ.

390 1917 513 1961 Phot.
546 1918 685 1960 Berol.
720 1919 819 1973 105,
854 1924 896 1962 7:
931 1921 1122 1978 ἀμφορῆ·
1156 1921 1210 1964 τὸ
1242 1918 1382 1964 δυικὸν
1413 1921 1747 1978 συναλείφοντεσ
1778 1922 1820 1964 οἱ
1863 1916 1958 1963 Ἀτ-

245 1990 356 2036 τικοῖ
385 1991 582 2047 λέγουσιν
613 1991 709 2035 ἀντὶ
738 1994 820 2035 τοῦ
861 1992 1060 2049 ἀμφορέε
1090 1991 1160 2035 καὶ
1204 1990 1261 2035 τὰ
1309 1990 1424 2036 ἄλλα
1471 1992 1694 2047 ὁμοίως...
1728 1989 1961 2035 Πλάτων

249 2058 570 2106 Μετοίκοισ·
615 2059 710 2112 ,ὧδ’
754 2063 1243 2122 ἀναισχυντοῦντε
1273 2061 1383 2107 κτλ.’
1417 2087 1473 2092 -
1505 2062 1819 2117 Fragmentum
1863 2075 1956 2104 cor-

247 2132 363 2175 rexit
392 2138 521 2189 atque
552 2132 793 2190 explicavit
824 2133 1126 2176 Wilamowitz
1159 2133 1277 2190 (Sitz.
1314 2133 1439 2183 1907,
1471 2134 1515 2189 9)
1539 2132 1696 2175 collato
1717 2132 1859 2176 Schol.
1882 2133 1959 2174 Ar.

251 2201 360 2246 Aah.
392 2203 449 2246 22
486 2203 673 2260 (Platon.
705 2204 758 2247 ir.
791 2205 879 2247 214
910 2206 988 2258 K):
1030 2223 1218 2265 σχοινιον
1259 2206 1522 2250 ἐκτείνοντες
1562 2204 1630 2249 διὰ
1671 2208 1750 2257 τῆσ
1790 2206 1961 2262 ἀγορᾶσ

249 2272 408 2320 διώκειν
436 2277 516 2320 τὸν
547 2276 687 2336 ὄχλον
718 2279 778 2321 εἰσ
807 2276 887 2330 τὴν
918 2277 1150 2329 ἐκκλησίαν,
1183 2277 1242 2321 ὥσ
1271 2283 1372 2334 φησι
1405 2274 1588 2320 Πλάτων
1608 2279 1633 2320 ὁ
1655 2277 1844 2332 κωμικός.
1867 2276 1959 2320 ὅσοι

249 2343 298 2390 δὲ
327 2348 544 2406 ἐχριοντο,
579 2345 776 2400 ἐξέτινον
809 2346 968 2405 ζημίαν.
1003 2349 1071 2390 De
1101 2346 1186 2390 hoo
1218 2362 1338 2390 more
1371 2347 1449 2389 cfr.
1482 2347 1613 2389 etiam
1636 2346 1801 2388 Polluc.
1833 2346 1961 2402 VIII,

253 2417 355 2460 104:
388 2419 430 2462 οἱ
458 2416 694 2479 ληξίαρχοι
727 2444 783 2449 -
815 2420 1004 2480 σχοινίον
1043 2420 1332 2476 μιλτώσαντεσ
1371 2418 1439 2464 διὰ
1480 2423 1567 2463 τῶν
1606 2417 1808 2472 τοξοτῶν
1839 2418 1959 2471 συνή-

250 2491 408 2534 λαυνον
437 2489 542 2534 τοὺσ
573 2492 620 2534 ἐκ
659 2493 737 2542 τῆς
779 2491 950 2549 ἀγορᾶς
982 2493 1041 2536 εἰσ
1071 2491 1150 2545 τὴν
1182 2491 1411 2543 ἐκκλησίαν.
1446 2515 1501 2520 ·—-
1536 2489 1836 2548 Μιλτηλιφέεσ
1867 2492 1962 2542 νῆεσ

251 2559 427 2616 scripsit
458 2559 620 2603 Herod.
652 2560 691 2610 3,
724 2561 794 2603 58.

393 2631 686 2680 ἀναισχυντοῦντε
712 2631 875 2677 Wilam]
902 2632 1177 2681 ἀναισχύντουτε
1204 2634 1234 2667 b.
1265 2652 1303 2657 —
1333 2631 1386 2667 τὼ
1411 2634 1609 2678 μιλτηλιφῆ
1635 2633 1793 2676 Wilam.]
1820 2632 1961 2676 τωμηλ-

248 2691 392 2736 τηλεφῆ
417 2690 447 2724 b.
478 2710 518 2715 -
544 2691 795 2727 Reitzenstein
824 2704 971 2729 versum
1006 2694 1114 2729 valde
1148 2697 1361 2739 corruptum
1400 2705 1480 2729 esse
1518 2697 1620 2728 ratus
1659 2692 1711 2728 sic
1749 2691 1957 2727 constituit:

248 2747 336 2786 τώδ’
361 2750 654 2798 ἀναισχυντοῦντες
681 2748 735 2786 τὼ
760 2751 971 2795 μίλ<τω>
1001 2753 1292 2797 τελεφ<αν>ῆ.

986 2898 1080 2939 τοΐσ
1112 2895 1225 2954 νεῴσ.

392 2964 498 3006 Lex.
534 2965 719 3007 Messan.
752 2965 837 3008 281
857 2980 879 3007 r
911 2966 955 3008 9:
997 2966 1066 3010 καὶ
1096 2969 1190 3010 τοῑσ
1223 2966 1324 3025 νεῴσ
1366 2966 1456 3026 ἔχει
1497 2984 1551 3011 το
1581 2976 1596 3006 t
1636 2964 1746 3010 κατὰ
1792 2963 1962 3017 δοτικὴν

251 3034 563 3090 πληθυντικήν.
597 3034 828 3081 Πλάτων
861 3035 1068 3081 Νίκαισ.
