2280 3626
0 3 18 54 ἔῖ

557 969 1193 1060 Suppiementum
1249 976 1650 1046 comicum.

253 1134 498 1171 comoediae
523 1135 707 1172 Graecae
732 1138 962 1183 fragmenta
995 1141 1087 1182 post
1115 1140 1310 1175 editiones
1338 1141 1584 1177 Koskianam
1612 1144 1652 1177 et
1679 1143 1950 1179 Kaibelianam

253 1195 412 1239 roperta
437 1196 498 1230 ve!
525 1196 698 1232 indicata
725 1197 899 1242 conenit,
926 1198 1138 1244 disposuit,
1172 1200 1496 1236 adnotationibus
1525 1202 1565 1237 et
1591 1202 1719 1238 indies
1745 1204 1951 1240 verborum

1010 1259 1192 1294 instruxit

829 1367 1023 1410 loannes
1059 1367 1372 1412 Demianczuk

1031 1437 1103 1474 ρΙιΙΙ.
1123 1437 1171 1467 dr.

960 1621 1247 1675 Praefatio.

392 1760 462 1802 Ex
491 1775 577 1817 quo
607 1766 800 1818 tempore
831 1759 962 1802 Kock
992 1759 1257 1802 comicorum
1289 1760 1516 1802 atticorum
1538 1759 1784 1815 fragmenta
1804 1758 1942 1802 edidit

250 1848 307 1876 ex
338 1831 534 1875 fontibus
564 1830 888 1887 diversissimis,
917 1831 1132 1887 imprimis
1150 1831 1421 1889 papyraceis,
1450 1838 1570 1873 tanta
1591 1845 1802 1873 novorum
1826 1831 1946 1886 frag-

249 1910 492 1948 mentorum
538 1901 769 1945 multitudo
810 1909 1026 1960 protracta
1067 1909 1144 1958 est,
1184 1909 1231 1944 ut
1256 1917 1371 1945 nova
1400 1902 1741 1959 fragmentorum
1774 1901 1949 1944 illorum

249 1974 382 2019 editio
413 1975 565 2018 merito
595 1974 684 2017 iam
714 1973 996 2030 desideretur,
1037 1974 1292 2032 praesertim
1339 1989 1438 2016 oum
1469 1988 1495 2016 a
1525 1974 1634 2016 viris
1675 1973 1813 2016 doctis
1854 1988 1949 2031 per-

249 2045 412 2090 multae
441 2046 713 2102 excogitatae
745 2046 832 2088 sint
876 2044 1185 2088 illustrationes
1233 2052 1360 2102 atque
1406 2045 1694 2100 coniecturae,
1741 2059 1848 2101 quae
1893 2044 1949 2086 ad

249 2116 495 2174 fragmenta
524 2124 568 2159 et
598 2116 871 2159 emendanda
902 2124 945 2160 et
974 2116 1235 2174 explicanda
1278 2115 1396 2159 haud
1442 2116 1566 2174 parvi
1599 2123 1700 2158 sunt
1731 2116 1948 2158 momenti.

249 2188 374 2243 Quae
404 2188 549 2244 editio,
580 2203 708 2245 quam
743 2187 972 2231 Kaibelius
1004 2195 1211 2243 curasset,
1255 2188 1341 2230 nisi
1382 2195 1657 2245 praematura
1698 2194 1835 2229 morte
1875 2186 1950 2229 ab·

247 2266 397 2318 reptus
426 2266 551 2314 esset,
582 2260 834 2317 priusquam
866 2274 892 2302 a
922 2260 1101 2302 Koertio
1141 2259 1339 2302 confecta
1378 2260 1473 2314 erit⁷
1513 2259 1742 2302 universae
1784 2272 1947 2300 comoe-

249 2330 347 2375 diae
377 2329 575 2375 Graecae
607 2331 852 2387 frngmenta
897 2346 1011 2373 nova
1049 2331 1243 2388 exceptis
1284 2330 1512 2373 Menandri
1545 2345 1569 2372 a
1599 2330 1779 2373 Koertio
1811 2343 1949 2386 nuper

247 2402 404 2446 iterum
434 2402 563 2446 editis
596 2418 681 2444 uno
712 2417 889 2459 corpore
921 2401 1231 2459 comprehensa
1253 2416 1369 2444 nunc
1390 2400 1559 2444 edenda
1589 2401 1751 2448 curavi,
1773 2415 1858 2442 non
1882 2415 1947 2442 so-

248 2471 340 2514 lum
360 2487 411 2516 ea
430 2488 541 2531 quae
571 2474 616 2516 in
648 2473 836 2517 editione
870 2473 1098 2516 Kockiana
1128 2473 1295 2529 desunt,
1325 2474 1483 2530 quippe
1505 2487 1614 2529 quae
1635 2470 1948 2514 recentioribus

250 2543 514 2600 temporibus
545 2545 822 2599 innotuerint,
854 2553 928 2587 aut
959 2544 1100 2588 alieno
1131 2544 1226 2587 loeo
1257 2544 1473 2600 leguntur,
1494 2543 1569 2586 sed
1592 2543 1719 2586 etiam
1743 2541 1947 2599 reliquias

250 2627 397 2655 eorum
428 2621 653 2670 poetarum
684 2630 770 2658 non
802 2616 1044 2667 atticorum,
1083 2617 1157 2674 qui
1189 2617 1376 2658 comicos
1407 2616 1560 2658 atticos
1600 2614 1815 2671 imprimis
1857 2613 1946 2655 Me-

251 2683 466 2726 nandrum
499 2685 654 2729 imitati
686 2694 797 2729 sunt.
841 2687 894 2729 In
925 2687 1162 2745 appendice
1203 2695 1347 2729 autem
1380 2687 1656 2730 Doriensium
1702 2683 1948 2728 comoediae

250 2762 293 2797 et
338 2753 573 2812 Sophronis
618 2756 848 2800 Mimorum
879 2758 1135 2814 fragmenta,
1176 2773 1285 2815 quae
1318 2767 1411 2815 post
1443 2773 1478 2800 a.
1514 2757 1627 2800 1900
1658 2757 1947 2809 innotuerunt7

251 2826 387 2883 posui,
418 2833 464 2868 ut
496 2825 777 2869 Kaibelianae
808 2843 974 2886 quoque
1005 2829 1183 2872 editioni
1213 2830 1456 2871 auctarium
1489 2828 1717 2870 adicerem.
1749 2827 1870 2879 Quae
1892 2824 1945 2866 de

249 2896 319 2939 his
350 2897 606 2953 fragmentis
638 2898 683 2939 in
714 2897 941 2941 annalibus
963 2898 1277 2955 philologorum
1308 2907 1351 2941 et
1382 2898 1506 2942 libris
1538 2897 1831 2956 peculiaribus
1862 2895 1946 2937 dis—

251 2975 399 3026 putata
429 2975 543 3023 sunt,
574 2983 704 3025 quam
726 2968 1058 3024 diligentissime
1091 2971 1287 3026 congessi
1310 2978 1351 3013 et
1372 2970 1619 3013 examinavi
1642 2968 1814 3022 additis,
1837 2981 1946 3023 quae

251 3041 343 3101 ipse
374 3039 428 3082 ad
461 3039 706 3099 fragmenta
737 3040 1061 3095 interpretanda
1092 3042 1162 3085 vel
1194 3041 1466 3085 emendanda
1499 3039 1695 3083 conferre
1727 3039 1856 3096 potui.
