2280 3626
15 236 26 307 ζ
267 239 369 299 ,37]
684 290 689 291 ⁷
869 260 1189 288 suprnsnm'ruu
1210 260 1391 288 cumcun
1922 246 1981 288 33

108 430 133 440 (y
206 385 209 387 ’
266 400 374 447 pore
404 387 533 429 etiam
582 386 743 429 Achivi
775 386 949 428 venisse
991 401 1044 428 ac
1075 394 1234 428 terram
1267 394 1442 428 vastare
1483 388 1750 429 nuntiantur.
1796 388 1979 430 Terrore

259 456 500 517 ,perculsus
532 457 759 515 Dionysus
791 455 1006 499 Helenam
1042 464 1088 499 ut
1117 471 1316 499 anserem
1349 457 1546 499 indutam
1579 458 1625 499 in
1646 458 1774 515 qualo
1796 458 1978 501 abscon-

163 514 186 545 *
227 553 230 558 ·
267 527 347 583 dit,
374 527 469 584 ipse
498 535 645 570 autem
676 536 723 570 ut
753 528 933 570 arietem
967 542 1062 570 sese
1092 526 1245 569 induit.
1279 527 1365 571 Sed
1396 528 1483 570 iam
1520 527 1695 571 advenit
1731 529 1979 573 Alexander

267 599 409 657 iisque
438 598 620 642 detectis
651 598 706 640 ad
748 597 1013 642 Achivorum
1056 613 1192 640 naves
1234 598 1425 641 nefarios
1466 598 1569 641 duci
1612 599 1742 655 iubet,
1783 599 1979 643 Helenae

74 702 88 714 2
140 660 143 663 Δ
207 680 214 711 1
267 683 373 714 vero
402 669 608 727 precibus
639 676 880 712 commotus
910 669 1051 726 ipsam
1083 670 1252 723 retinet,
1300 679 1348 711 ut
1388 685 1499 712 uxor
1530 670 1597 726 sit,
1630 671 1873 728 Dionysum
1905 686 1978 713 au-

268 747 356 784 tem
387 740 568 784 Achivis
599 740 751 794 tradit3
782 740 1032 799 Dionysum
1066 740 1206 798 satyri
1237 748 1489 798 sequuntur.
1532 742 1644 785 Dum
1677 741 1901 800 Dionysus
1932 743 1979 783 in

268 812 524 855 servitutem
555 811 754 864 traditur,
786 811 1035 855 Alexander
1065 812 1216 867 epulas
1248 811 1468 867 nuptiales
1498 813 1642 869 parari
1677 811 1806 854 iubet.

272 927 275 932 ,
411 881 581 925 Fabula
611 881 808 925 Pericles
839 882 1048 925 irridetur
1078 897 1162 924 non
1196 892 1342 925 tamen
1374 898 1452 925 suo
1473 883 1650 925 nomine
1671 890 1713 926 et
1734 898 1813 925 sua
1835 883 1980 939 specie

270 961 318 997 ut
347 953 403 996 ab
438 953 723 1010 Aristophane
754 953 1002 996 Lamachus
1034 962 1076 995 et
1098 953 1332 1009 Euripides
1351 954 1397 995 in
1419 953 1790 1008 Acharnensibus,
1820 954 1865 996 in
1888 953 1977 996 Nu-

268 1022 399 1069 bibus
429 1024 644 1077 Socrates,
675 1024 751 1066 sed
783 1039 859 1080 per
891 1025 1073 1082 Dionysi
1105 1025 1306 1081 speciem,
1337 1023 1389 1070 δι’
1422 1025 1657 1084 ἐμφάσεως,
1701 1040 1810 1082 quae
1842 1025 1978 1068 verba

267 1095 486 1139 Loeuwen
518 1095 695 1151 (Mnem.
717 1111 758 1139 n.
785 1096 910 1151 1904,
940 1096 1041 1150 446)
1070 1096 1163 1137 sine
1186 1110 1316 1138 causa
1339 1097 1383 1137 in
1406 1094 1459 1141 δι’
1497 1094 1726 1141 Ἀσπασίαν
1748 1103 1895 1138 mutat.
1920 1121 1975 1125 —-

268 1165 360 1211 Cfr.
390 1166 589 1221 Roemer,
621 1166 710 1208 Zur
740 1165 893 1208 Kritik
926 1182 964 1208 u.
996 1167 1195 1222 Exegese
1227 1183 1266 1223 p.
1301 1168 1402 1220 633,
1434 1166 1532 1210 adn.
1569 1169 1604 1209 1.

411 1238 591 1274 Fabulam
616 1250 651 1273 a.
676 1238 757 1272 430.
785 1239 930 1274 doctam
956 1251 1037 1274 esse
1062 1239 1329 1274 demonstravit
1354 1239 1601 1275 Vl'ilamowitz
1619 1240 1654 1281 (l.
1672 1239 1716 1282 c.)
1735 1239 1868 1274 collato
1886 1239 1979 1274 Her-

268 1298 385 1343 ,mippi
410 1297 455 1332 fr.
481 1296 529 1331 44
553 1298 599 1332 K.
627 1297 784 1332 Fallitur
808 1297 962 1333 Thieme
987 1309 1122 1333 annum
1148 1296 1229 1332 429.
1256 1301 1433 1333 statuens.

626 1448 759 1495 ⁶:932oe
788 1450 878 1508 γὰρ
909 1449 1083 1510 ᾑμῴδεισ
1113 1451 1275 1495 ἁκούων
1306 1455 1391 1494 τῶν
1423 1451 1540 1495 ἐπῶν

624 1522 728 1566 τοὺς
757 1519 1006 1579 προσθίουσ
1035 1520 1233 1566 ὀδόντασ.

411 1616 531 1660 Phot.
566 1615 706 1659 Berol.
739 1617 808 1672 53,
846 1617 915 1658 17:
948 1615 1151 1676 αἱμῳδεῖν·
1184 1617 1252 1661 καὶ
1282 1617 1423 1676 τούτῳ
1453 1617 1723 1674 προσεκτέον
1753 1618 1832 1660 τὸν
1865 1619 1975 1665 νοῦν,

268 1690 311 1734 οἱ
337 1687 428 1746 ’γὰρ
458 1689 625 1733 πολλοὶ
656 1686 854 1747 αἱμῳδιᾶν
883 1689 1081 1743 λέγουσιν
1122 1688 1268 1745 ὥσπερ
1310 1686 1534 1743 κυλοιδιᾶν,
1575 1691 1655 1732 τοῦ
1696 1685 1977 1744 Κρατίνου

266 1762 324 1804 ἐν
355 1757 905 1819 Διονυσαλεξάνδρῳ
943 1761 1037 1803 ἀπὸ
1067 1763 1148 1803 τοῦ
1178 1757 1342 1818 αἱμῳδῶ
1372 1759 1612 1803 κλίνοντος·
1647 1756 1821 1802 εὐθὺς
1865 1757 1976 1815 γὰρ

267 1832 356 1875 ἰτ-ἑ.
388 1828 580 1890 αἱμῳδεῖν
609 1828 658 1874 δὲ
689 1832 731 1874 οἱ
774 1827 954 1874 Ἀττικοὶ
984 1832 1038 1874 τὸ
1069 1830 1174 1874 τοὺσ
1204 1827 1391 1874 ὀδόντασ
1425 1829 1533 1885 μετὰ
1555 1833 1735 1885 κνησμοῦ
1754 1847 1872 1873 τινοσ
1893 1830 1981 1872 ἁλί

265 1899 690 1958 γεῖν.(]1”ι·.ΡὶιιὙιι.
726 1901 852 1955 14,3
887 1901 1023 1942 Rom:
1057 1899 1260 1960 αἱμῳδεῖν
1294 1901 1596 1958 ἀττικώτερον.
1619 1901 1796 1955 λέγεται
1828 1897 1876 1943 δὲ
1905 1899 1974 1943 καὶ

268 1970 479 2032 αἱμῳδιᾶν.
511 1972 579 2014 Et.
611 1971 802 2014 Gudian.
824 1986 864 2028 p.
885 1973 954 2017 47
990 1973 1011 2013 1
1037 1971 1158 2013 Stef.:
1192 1970 1394 2030 αἱμῳόεΐν·
1427 1972 1608 2026 σημαίνει
1639 1972 1693 2014 τὸ
1723 1971 1827 2014 τοὺσ
1847 1968 1974 2014 ὀδόν-

266 2061 350 2088 ‘rac
379 2041 614 2088 ὀδυνᾶσθαι
643 2043 752 2099 μετὰ
783 2046 974 2099 κνησμοῦ,
1007 2045 1064 2087 dic
1094 2043 1163 2087 καὶ
1193 2036 1481 2097 αἱμάσσεσθαι
1518 2041 1644 2098 παρὰ
1666 2043 1720 2085 τὸ
1742 2040 1855 2096 αἷμα.
1889 2039 1974 2082 He·

268 2111 465 2172 sychius:
497 2113 706 2173 αἱμῳδιᾶν·
738 2115 792 2158 τὸ
824 2114 927 2158 τοὺς
957 2112 1144 2158 ὀδόντας
1166 2115 1325 2170 ναρκᾶν
1357 2114 1451 2156 ἀπὸ
1482 2111 1672 2169 ὁράσεως
1704 2110 1728 2162 ἢ
1759 2110 1971 2166 ἀκούσμα-

266 2202 359 2230 roc.
397 2208 446 2215 -·-
482 2185 556 2227 Ar.
587 2184 694 2226 Rau.
728 2185 827 2227 548.
860 2209 915 2215 ——
947 2183 1112 2240 Phryn.
1145 2183 1197 2225 fr.
1229 2183 1285 2224 68
1319 2184 1372 2225 K.
1407 2208 1464 2212 —
1496 2181 1745 2238 Alloquitur
1776 2180 1843 2222 his
1876 2194 1974 2222 ver-

267 2254 389 2297 sibus
421 2254 579 2312 aliquis
610 2255 810 2312 aliquem⁷
856 2255 930 2310 qui
963 2269 1066 2297 cum
1098 2254 1233 2296 verba
1265 2253 1478 2310 quaedam
1509 2252 1699 2294 audisset
1741 2250 1973 2294 vehemen-

266 2326 432 2369 tissime
464 2327 719 2383 perterritus
752 2334 829 2368 est.
870 2325 1060 2367 Possunt
1100 2324 1208 2367 haec
1240 2324 1326 2367 dici
1361 2331 1436 2366 aut
1466 2323 1522 2366 ad
1563 2323 1821 2380 Dionysum,
1861 2328 1973 2379 post-

266 2411 397 2454 quam
430 2396 628 2440 detectus
659 2404 736 2451 est,
767 2396 821 2439 ab
854 2396 1106 2440 Alexandro
1138 2397 1333 2453 graviter
1376 2396 1419 2437 in
1463 2409 1560 2437 eum
1604 2392 1837 2436 invehente
1878 2392 1974 2445 (cfr.

266 2469 590 2524 argumentum)
622 2475 696 2510 aut
726 2467 783 2510 ad
814 2467 1109 2511 Alexandrum
1134 2468 1290 2524 ipsum,
1321 2481 1447 2523 quem
1470 2466 1513 2507 in
1538 2464 1713 2507 fabulae
1734 2464 1855 2506 initio
1879 2478 1974 2519 per·

267 2538 467 2582 territum
499 2547 627 2595 atque
659 2538 838 2582 dearum
872 2545 1106 2595 conspectu
1154 2536 1503 2594 obstupefactum
1548 2535 1753 2591 effugisse
1793 2533 1975 2576 Thieme

268 2623 308 2666 p.
342 2609 397 2651 19
428 2608 611 2666 probare
644 2616 837 2652 conatur.
884 2609 950 2652 Ad
983 2609 1229 2668 Dionysum
1271 2607 1380 2651 haec
1426 2607 1567 2664 potius
1609 2605 1838 2648 referenda
1879 2619 1974 2646 esse

268 2693 367 2722 cum
400 2678 580 2722 Koertio
611 2680 750 2735 (Burs.
781 2679 904 2723 Jhrb.
939 2681 1066 2735 1911,
1098 2679 1201 2735 257)
1234 2687 1349 2736 puto.

1102 2775 1142 2816 4.

615 2849 709 2904 νικῷ
738 2845 814 2901 μὲν
844 2848 869 2889 ὀ
899 2844 1003 2904 τῇδε
1032 2846 1163 2889 πόλει
1194 2845 1335 2900 λέγων
1364 2845 1419 2888 τὸ
1450 2846 1627 2902 λῷστον.

411 2941 518 2983 Lex.
537 2939 722 2982 Messan.
738 2940 823 2983 281
841 2954 871 2980 v
890 2939 962 2982 18:
983 2939 1053 2983 καὶ
1075 2942 1169 2983 νικῶ
1189 2936 1237 2982 δὲ
1258 2938 1391 2998 χωρὶσ
1420 2941 1500 2982 τοῦ
1522 2947 1546 2977 ἰ·
1564 2938 1618 2980 τὸ
1653 2933 1809 2985 <δὲ>
1835 2935 1933 2977 ⁶13⁸?
1933 2950 1971 2976 1·-

271 3013 348 3057 κὸν
379 3012 469 3071 ἔχει
499 3013 555 3055 τὸ
585 3020 610 3055 ἰ.
643 3008 927 3068 Κρατῖνος
958 3007 1267 3054 Διονύσοισ·
1301 3012 1439 3057 ,νικῶ
1467 3008 1565 3063 μὲν
1594 3008 1660 3051 τὸ
1686 3003 1817 3063 τῇδε
1839 3001 1972 3048 ποδὶ

267 3083 414 3139 λέγω
443 3084 544 3127 τὸν
574 3078 817 3141 λῷστον’.
865 3079 995 3123 Obori
1030 3085 1130 3120 sunt
1165 3077 1301 3121 verba
1338 3072 1972 3134 (ῦιυυ-υυ.’.υ-υ-υ).
