2280 3626
266 206 367 256 [261]
867 222 1187 250 surpmunmuu
1207 221 1389 249 comem(
1919 207 1975 250 57

1107 350 1144 391 7.

1199 432 1466 490 ε’μφαίνεται,

513 506 583 550 ὅτι
613 506 883 562 πρόσφατος
912 502 964 557 ἦν
995 504 1244 564 ἐπιχώριος.
1276 528 1333 534 ——
1365 503 1411 546 B.
1441 503 1511 548 καὶ
1540 503 1729 560 τοῦνομα

511 576 562 621 τί
583 577 754 632 >kd-yae,-
783 600 843 606 -
874 577 922 618 A.
954 573 1170 633 ἀλάστωρ,
1203 575 1316 633 φησί.

414 670 531 715 Phot.
565 670 702 713 Berol.
737 671 805 718 71,
840 670 915 712 15:
957 669 1174 727 ἀλάστωρ·
1208 672 1234 714 6
1268 671 1573 727 ἁμαρτωλός..
1588 705 1598 713 .
1630 670 1699 713 καὶ
1729 667 1884 725 δαίμων
1912 686 1980 714 τις

259 746 463 790 muira:
494 740 684 796 ἐπεξιὼν
722 741 829 786 τοὺς
858 739 1030 786 ἄλαστα
1061 741 1375 799 εἰργασμένους,
1405 741 1475 785 καὶ
1504 742 1638 785 αὐτὸς
1667 743 1693 784 6
1723 738 1909 798 πράξας
1937 757 1979 784 τι

273 817 484 871 τοιοῦτον,
512 812 699 870 μάλιστα
729 810 778 857 δὲ
808 813 949 870 φόνον
980 813 1245 872 αὐτοχειρίᾳ.
1292 809 1615 870 Περικειρομένῃ
1646 809 1981 868 Μένανδρος

270 885 328 943 (v.
374 885 463 928 408
506 885 687 939 Koerte)
734 887 774 940 ,ὀ
818 882 857 928 δ’
905 882 1107 941 ἀλάστωρ
1154 884 1241 940 ἐγὼ
1285 883 1356 928 καὶ
1403 880 1654 936 ζηλότυπος
1708 879 1979 940 ἄνθρωπε-σί.

273 957 454 1009 <καὶ>
489 959 535 1001 ἐν
578 953 760 1014 Ὀργῇ·
795 955 1149 1014 ,ἐμφαίνεται
1179 952 1287 999 κτλ.’
1314 979 1373 986 --
1395 953 1485 997 Ofr.
1518 953 1656 996 Bekk.
1687 954 1771 995 An.
1805 953 1902 1006 184,
1934 953 1980 1006 63

271 1029 375 1085 374,
403 1028 479 1081 223
512 1025 636 1070 Phoc.
667 1025 855 1083 Amphil.
898 1026 1065 1079 (Herm.
1098 1027 1170 1079 26,
1200 1026 1323 1080 256),
1364 1025 1487 1068 Euat.
1518 1015 1628 1069 474?
1649 1025 1725 1078 223
1766 1024 1835 1067 Et.
1866 1023 1981 1067 Gud.

272 1099 343 1156 81,
374 1101 399 1142 ‘1
433 1098 558 1151 Stef.;
589 1097 658 1140 Et.
690 1098 804 1153 Mag.
836 1099 907 1149 57,
930 1098 997 1140 25.
1014 1122 1071 1128 --
1087 1098 1235 1140 Baton.
1267 1096 1322 1139 fr.
1343 1097 1383 1145 2,
1404 1098 1432 1138 ὃ
1455 1097 1515 1138 K:
1538 1093 1742 1154 ἄνθρωπ’
1765 1094 1980 1153 ἀλάστωρ.

413 1169 632 1216 πρόσφατος
654 1167 789 1213 Beitz.]
814 1167 1042 1214 προσφάτως
1067 1168 1099 1202 b.
1115 1188 1157 1192 —
1176 1168 1372 1217 ἐπιχώριος
1388 1169 1482 1204 coni.
1507 1165 1639 1212 Reitz]
1666 1166 1724 1202 ἐπὶ
1747 1166 1865 1215 χωρία
1890 1166 1922 1202 b.
1938 1185 1981 1191 —

271 1233 375 1269 lm:
398 1232 494 1268 duas
516 1241 696 1277 personas
721 1230 912 1265 distfibuit
936 1229 979 1265 E.
1005 1228 1203 1265 Schwartz„

1110 1335 1149 1379 8.

877 1417 1085 1475 δαιμόνων
1115 1419 1379 1476 ἀλαστόρων.

418 1515 565 1574 Etym.
596 1515 711 1570 Mag.
733 1515 803 1566 57,
825 1515 901 1557 25:
934 1513 1149 1572 ἀλάστωρ·
1172 1517 1198 1558 6
1223 1515 1481 1571 ἁμαρτωλὸς
1501 1511 1527 1565 ἢ
1547 1516 1573 1557 6
1595 1511 1756 1571 φονεὺσ
1776 1510 1802 1564 ἣ
1822 1515 1847 1556 ὁ
1870 1514 1982 1570 ἐφο-

273 1592 362 1647 ρῶν
379 1587 485 1633 τοὺς
504 1588 670 1646 φόνους
690 1584 823 1631 Ζεὺσ.
838 1622 848 1630 .
863 1621 873 1630 .
898 1583 950 1630 M
958 1586 982 1630 έ
990 1604 1051 1630 να
1065 1584 1123 1630 νδ
1130 1603 1196 1643 ρο
1209 1603 1232 1630 c
1252 1584 1411 1641 (Perik.
1432 1584 1520 1627 408
1542 1584 1723 1639 Koerte)
1753 1586 1793 1633 ,ὀ
1814 1580 1852 1627 δ’
1871 1581 1983 1627 ἀλά-

275 1677 390 1718 στωρ
420 1658 507 1715 ἐγὼ
536 1658 606 1703 καὶ
638 1654 888 1712 ζηλότυπος
917 1654 1174 1715 ἄνθρωπος’
1196 1657 1266 1701 καὶ
1296 1654 1587 1712 ,δαιμόνων
1617 1652 1982 1712 ἀλαστόρων’.

275 1730 344 1774 Et
360 1729 475 1774 Gud.
493 1730 563 1784 81,
581 1729 607 1772 8
624 1728 746 1772 stef:
769 1727 983 1787 ἀλάστωρ·
1007 1731 1032 1773 ὁ
1055 1728 1215 1786 φονεὺς
1235 1728 1304 1772 καὶ
1324 1731 1350 1772 6
1372 1730 1546 1786 ἐφορῶν
1565 1727 1670 1771 τοὺς
1690 1727 1855 1784 φόνους
1875 1722 1986 1770 Ζεὺς

275 1801 303 1856 ἢ
331 1800 499 1859 δαίμων,
529 1801 600 1846 καὶ
639 1798 861 1857 ,δαιμόνων
903 1797 1183 1854 ἀλαστόρωνῖ
1215 1824 1273 1829 -
1305 1798 1425 1842 Suid.
1470 1797 1684 1856 ἀλάστωρ·
1726 1799 1886 1855 πικρὸς
1915 1796 1986 1841 καῖ

276 1874 458 1932 φονικὸς
501 1870 670 1929 δαίμων,
717 1875 909 1929 τιμωρῶν
953 1872 1022 1916 καὶ
1069 1872 1341 1924 ἀνεπίληστα
1388 1871 1498 1928 ἔργα
1544 1873 1695 1914 ποιῶν.
1740 1893 1794 1899 —-—
1828 1867 1983 1909 Zonar-

278 1944 378 1988 116.
402 1969 458 1974 —
479 1941 703 1986 Xenaroh.
736 1942 790 1984 fr.
825 1945 862 1996 1,
894 1943 920 1984 3
953 1942 1012 1984 K:
1046 1941 1247 2000 ἀλάστωρ
1276 1940 1318 1986 τ’
1355 1943 1606 1986 εἰσπέπαικε
1637 1938 1902 1985 Πελοπιδῶν.
1925 1963 1984 1968 -

275 2015 391 2058 Men.
422 2013 476 2056 fr.
508 2016 535 2056 7
570 2014 623 2056 D.

419 2084 650 2128 Menandri
673 2084 967 2140 fragmentum
990 2085 1172 2141 agnovit
1193 2083 1504 2138 Reitzenstein3
1537 2082 1592 2124 ad
1627 2082 1985 2125 Periciromenen

276 2156 414 2215 possit
443 2156 612 2199 referri.

1113 2239 1140 2281 9

1133 2319 1370 2379 βάρβαρος

653 2392 856 2451 ἇγγαροσ
886 2395 1022 2439 ὄντως
1052 2391 1253 2438 κούδενὸς
1283 2393 1606 2451 προορώμενος.

422 2486 543 2530 Phot.
574 2486 715 2531 Bet-ol.
749 2489 815 2539 11,
857 2489 903 2532 5:
944 2487 1147 2546 ἇγγαροι·
1188 2490 1230 2532 οἱ
1269 2490 1317 2532 ἐκ
1356 2485 1563 2547 διαδοχῆς
1602 2485 1985 2544 γραμματοφόροι,

280 2562 323 2606 οἱ
352 2558 400 2604 δὲ
430 2559 555 2604 αὐτοὶ
583 2559 654 2604 καὶ
684 2558 902 2610 ἀστάνδαι,
949 2559 1006 2604 τὰ
1037 2558 1085 2604 δὲ
1116 2561 1310 2615 ὀνόματα
1342 2558 1527 2616 περσικά
1539 2594 1568 2602 ..
1584 2593 1594 2602 .
1638 2554 1812 2602 τίθεται
1853 2554 1902 2600 δὲ
1931 2556 1986 2599 τὸ

281 2631 417 2687 ὄνομα
447 2630 517 2675 καὶ
547 2630 623 2675 ἐπὶ
652 2634 738 2674 τῶν
769 2634 1006 2688 φορτηγῶν
1045 2631 1114 2675 καὶ
1155 2632 1269 2675 ὄλωσ
1299 2634 1385 2674 τῶν
1415 2627 1685 2682 ἀναισθήτων
1715 2628 1784 2672 καὶ
1824 2625 1985 2684 ἀνδρα-

281 2700 502 2747 ποδωδῶν.
546 2699 952 2758 ...Μένανδρος
995 2699 1287 2757 Πωλουμένοις
1327 2701 1539 2757 (sequitur
1569 2699 1621 2741 fr.
1659 2700 1712 2741 10
1745 2699 1801 2752 D)
1843 2697 1986 2741 ...καὶ

282 2776 328 2818 ἐν
358 2770 773 2830 Προγαμοῦντι·
804 2769 1125 2829 ,βάρβαρος
1145 2770 1254 2816 κτλ.’
1276 2796 1334 2802 -
1355 2766 1444 2814 cfr.
1469 2771 1588 2813 Ense.
1614 2769 1832 2820 1854.27;
1856 2766 1987 2819 Suid.,

284 2843 399 2898 Hes„
430 2842 499 2885 Et.
529 2841 643 2898 Gnd.
677 2842 715 2894 8,
746 2842 805 2883 24
836 2842 939 2884 stef.
971 2867 1026 2872 —
1060 2840 1177 2884 Sext.
1219 2832 1383 2898 Empir.
1415 2842 1514 2894 681,
1546 2843 1573 2882 2
1605 2839 1743 2882 Bekk.
1776 2838 1902 2893 (Plat.
1934 2838 1985 2877 ir.

283 2915 371 2957 220
402 2913 480 2970 K):
511 2913 830 2971 παραπλησίοις
859 2916 953 2957 τοῖς
985 2914 1136 2957 νυκτὸς
1177 2916 1468 2970 περιπατοῦσι
1509 2911 1635 2967 παρὰ
1668 2910 1722 2955 τὰ
1755 2911 1877 2968 τείχη
1908 2926 1985 2959 κα-

282 2984 441 3043 θάπερ
471 2983 591 3029 τινὰς
622 2982 849 3041 ἀγγάρους
881 2981 1165 3039 κατάγεσθαι.

425 3054 620 3097 Fabulae
653 3053 828 3096 titulum
860 3053 996 3096 fuisse
1029 3051 1270 3111 Πρσγαμῶν
1301 3052 1540 3096 verisimile
1573 3060 1648 3095 est.
