<?xml version="1.0" encoding="UTF-8"?>
<!DOCTYPE html PUBLIC "-//W3C//DTD XHTML 1.0 Transitional//EN"
    "http://www.w3.org/TR/xhtml1/DTD/xhtml1-transitional.dtd">
<html xmlns="http://www.w3.org/1999/xhtml" xml:lang="en" lang="en">
 <head>
  <title>
</title>
<meta http-equiv="Content-Type" content="text/html;charset=utf-8" />
  <meta name='ocr-system' content='tesseract 3.04.00' />
  <meta name='ocr-capabilities' content='ocr_page ocr_carea ocr_par ocr_line ocrx_word'/>
</head>
<body>
  <div class='ocr_page' id='page_1' title='image "./supplementumcomi00demiuoft_0069.png"; bbox 0 0 2280 3626; ppageno 0'>
   <div class='ocr_carea' id='block_1_1' title="bbox 233 209 1948 263">
    <p class='ocr_par' dir='ltr' id='par_1_1' title="bbox 233 209 1948 263">
     <span class='ocr_line' id='line_1_1' title="bbox 233 209 1948 263; baseline -0.003 -7"><span class='ocrx_word' id='word_1_1' title='bbox 233 212 335 263; x_wconf 55' lang='grc' dir='ltr'>[ΒῚ]</span> <span class='ocrx_word' id='word_1_2' title='bbox 831 226 1155 255; x_wconf 54' lang='lat' dir='ltr'><strong>sunnis-‚nimrim</strong></span> <span class='ocrx_word' id='word_1_3' title='bbox 1175 225 1354 253; x_wconf 74' lang='lat' dir='ltr'><strong>comcmt</strong></span> <span class='ocrx_word' id='word_1_4' title='bbox 1889 209 1948 251; x_wconf 87' lang='lat'>63</span> 
     </span>
    </p>
   </div>
   <div class='ocr_carea' id='block_1_2' title="bbox 375 340 395 347">
    <p class='ocr_par' dir='ltr' id='par_1_2' title="bbox 375 340 395 347">
     <span class='ocr_line' id='line_1_2' title="bbox 375 340 395 347; baseline 0 0"><span class='ocrx_word' id='word_1_5' title='bbox 375 340 395 347; x_wconf 61' lang='lat' dir='ltr'><em>l</em></span> 
     </span>
    </p>
   </div>
   <div class='ocr_carea' id='block_1_3' title="bbox 235 351 1951 686">
    <p class='ocr_par' dir='ltr' id='par_1_3' title="bbox 235 351 1951 626">
     <span class='ocr_line' id='line_1_3' title="bbox 235 351 1951 415; baseline -0.001 -16"><span class='ocrx_word' id='word_1_6' title='bbox 235 354 505 415; x_wconf 63' lang='lat' dir='ltr'><strong>moduni:</strong></span> <span class='ocrx_word' id='word_1_7' title='bbox 534 353 767 398; x_wconf 80' lang='lat' dir='ltr'><strong>Menandri</strong></span> <span class='ocrx_word' id='word_1_8' title='bbox 797 367 954 396; x_wconf 82' lang='lat' dir='ltr'><strong>versus</strong></span> <span class='ocrx_word' id='word_1_9' title='bbox 985 360 1077 395; x_wconf 87' lang='lat' dir='ltr'>tum</span> <span class='ocrx_word' id='word_1_10' title='bbox 1110 351 1267 395; x_wconf 84' lang='lat' dir='ltr'><strong>collato</strong></span> <span class='ocrx_word' id='word_1_11' title='bbox 1298 352 1411 394; x_wconf 81' lang='lat' dir='ltr'><strong>Men.</strong></span> <span class='ocrx_word' id='word_1_12' title='bbox 1443 351 1496 393; x_wconf 83' lang='lat' dir='ltr'>fr.</span> <span class='ocrx_word' id='word_1_13' title='bbox 1528 353 1616 394; x_wconf 83' lang='lat'>674</span> <span class='ocrx_word' id='word_1_14' title='bbox 1648 352 1708 395; x_wconf 85' lang='lat' dir='ltr'>K:</span> <span class='ocrx_word' id='word_1_15' title='bbox 1741 354 1819 397; x_wconf 86' lang='grc' dir='ltr'>οὐκ</span> <span class='ocrx_word' id='word_1_16' title='bbox 1848 353 1951 408; x_wconf 87' lang='grc' dir='ltr'>ε’μὸν</span> 
     </span>
     <span class='ocr_line' id='line_1_4' title="bbox 236 423 1950 486; baseline -0.004 -12"><span class='ocrx_word' id='word_1_17' title='bbox 236 427 424 485; x_wconf 72' lang='grc' dir='ltr'>ἀνοέγειν</span> <span class='ocrx_word' id='word_1_18' title='bbox 442 425 750 472; x_wconf 85' lang='grc' dir='ltr'>λανθάνουςαν</span> <span class='ocrx_word' id='word_1_19' title='bbox 770 426 954 486; x_wconf 83' lang='grc' dir='ltr'>ἀτυχίαν</span> <span class='ocrx_word' id='word_1_20' title='bbox 980 425 987 480; x_wconf 69' lang='grc'>1</span> <span class='ocrx_word' id='word_1_21' title='bbox 1015 423 1116 474; x_wconf 84' lang='grc' dir='ltr'>ἔςτ’.</span> <span class='ocrx_word' id='word_1_22' title='bbox 1144 423 1261 469; x_wconf 87' lang='grc' dir='ltr'>ἀλλὰ</span> <span class='ocrx_word' id='word_1_23' title='bbox 1281 426 1451 480; x_wconf 85' lang='grc' dir='ltr'>μᾶλλον</span> <span class='ocrx_word' id='word_1_24' title='bbox 1471 424 1822 468; x_wconf 76' lang='grc' dir='ltr'>κατακαλύπτειν</span> <span class='ocrx_word' id='word_1_25' title='bbox 1842 423 1950 482; x_wconf 81' lang='grc' dir='ltr'>φημὶ</span> 
     </span>
     <span class='ocr_line' id='line_1_5' title="bbox 235 493 1942 555; baseline -0.004 -10"><span class='ocrx_word' id='word_1_26' title='bbox 235 497 336 545; x_wconf 81' lang='grc' dir='ltr'>δεῖν.</span> <span class='ocrx_word' id='word_1_27' title='bbox 367 497 459 541; x_wconf 81' lang='lat' dir='ltr'>cfr.</span> <span class='ocrx_word' id='word_1_28' title='bbox 490 499 589 540; x_wconf 89' lang='lat' dir='ltr'><strong>Eur.</strong></span> <span class='ocrx_word' id='word_1_29' title='bbox 622 497 677 539; x_wconf 87' lang='lat' dir='ltr'>fr.</span> <span class='ocrx_word' id='word_1_30' title='bbox 710 497 797 539; x_wconf 76' lang='lat'>553</span> <span class='ocrx_word' id='word_1_31' title='bbox 827 496 907 539; x_wconf 63' lang='lat' dir='ltr'>N&#39;z</span> <span class='ocrx_word' id='word_1_32' title='bbox 940 499 1220 554; x_wconf 85' lang='grc' dir='ltr'>ἐκμαρτυρεῒν</span> <span class='ocrx_word' id='word_1_33' title='bbox 1239 494 1331 553; x_wconf 70' lang='grc' dir='ltr'>’γὰρ</span> <span class='ocrx_word' id='word_1_34' title='bbox 1352 493 1490 552; x_wconf 81' lang='grc' dir='ltr'>ἄνδρα</span> <span class='ocrx_word' id='word_1_35' title='bbox 1520 494 1605 539; x_wconf 89' lang='grc' dir='ltr'>τὰς</span> <span class='ocrx_word' id='word_1_36' title='bbox 1624 497 1760 539; x_wconf 82' lang='grc' dir='ltr'>αὐτοῦ</span> <span class='ocrx_word' id='word_1_37' title='bbox 1778 493 1942 555; x_wconf 84' lang='grc' dir='ltr'>τύχαςΙ</span> 
     </span>
     <span class='ocr_line' id='line_1_6' title="bbox 235 564 1438 626; baseline -0.006 -10"><span class='ocrx_word' id='word_1_38' title='bbox 235 571 298 617; x_wconf 81' lang='grc' dir='ltr'>εἰς</span> <span class='ocrx_word' id='word_1_39' title='bbox 325 569 503 615; x_wconf 78' lang='grc' dir='ltr'>πάντας</span> <span class='ocrx_word' id='word_1_40' title='bbox 532 567 716 626; x_wconf 84' lang='grc' dir='ltr'>ἀμαθές,</span> <span class='ocrx_word' id='word_1_41' title='bbox 745 570 801 613; x_wconf 89' lang='grc' dir='ltr'>τὸ</span> <span class='ocrx_word' id='word_1_42' title='bbox 831 565 870 612; x_wconf 83' lang='grc' dir='ltr'>δ’</span> <span class='ocrx_word' id='word_1_43' title='bbox 904 564 1254 626; x_wconf 86' lang='grc' dir='ltr'>ἐπικρύπτεςθαι</span> <span class='ocrx_word' id='word_1_44' title='bbox 1286 568 1438 624; x_wconf 89' lang='grc' dir='ltr'>ςοφόν.</span> 
     </span>
    </p>

    <p class='ocr_par' dir='ltr' id='par_1_4' title="bbox 377 634 1713 686">
     <span class='ocr_line' id='line_1_7' title="bbox 377 634 1713 686; baseline -0.002 -11"><span class='ocrx_word' id='word_1_45' title='bbox 377 638 442 682; x_wconf 76' lang='grc' dir='ltr'>τὴν</span> <span class='ocrx_word' id='word_1_46' title='bbox 465 637 567 686; x_wconf 78' lang='grc' dir='ltr'>ὕβριν</span> <span class='ocrx_word' id='word_1_47' title='bbox 591 637 712 680; x_wconf 74' lang='grc' dir='ltr'>διττὴν</span> <span class='ocrx_word' id='word_1_48' title='bbox 735 638 842 684; x_wconf 84' lang='grc' dir='ltr'>φέρει</span> <span class='ocrx_word' id='word_1_49' title='bbox 865 636 1044 683; x_wconf 81' lang='lat' dir='ltr'><strong>Buresch]</strong></span> <span class='ocrx_word' id='word_1_50' title='bbox 1071 635 1192 678; x_wconf 77' lang='grc' dir='ltr'>διττὴν</span> <span class='ocrx_word' id='word_1_51' title='bbox 1216 636 1322 682; x_wconf 83' lang='grc' dir='ltr'>φέρει</span> <span class='ocrx_word' id='word_1_52' title='bbox 1346 634 1412 677; x_wconf 80' lang='grc' dir='ltr'>τὴν</span> <span class='ocrx_word' id='word_1_53' title='bbox 1436 634 1537 681; x_wconf 82' lang='grc' dir='ltr'>ὕβριν</span> <span class='ocrx_word' id='word_1_54' title='bbox 1561 637 1643 673; x_wconf 80' lang='lat' dir='ltr'><strong>cod.</strong></span> <span class='ocrx_word' id='word_1_55' title='bbox 1669 637 1713 672; x_wconf 88' lang='grc' dir='ltr'>Τ.</span> 
     </span>
    </p>
   </div>
   <div class='ocr_carea' id='block_1_4' title="bbox 1059 746 1129 788">
    <p class='ocr_par' dir='ltr' id='par_1_5' title="bbox 1059 746 1129 788">
     <span class='ocr_line' id='line_1_8' title="bbox 1059 746 1129 788; baseline -0.029 0"><span class='ocrx_word' id='word_1_56' title='bbox 1059 746 1129 788; x_wconf 78' lang='lat'>25.</span> 
     </span>
    </p>
   </div>
   <div class='ocr_carea' id='block_1_5' title="bbox 235 837 1954 1751">
    <p class='ocr_par' dir='ltr' id='par_1_6' title="bbox 235 837 1954 1751">
     <span class='ocr_line' id='line_1_9' title="bbox 380 837 1950 897; baseline -0.004 -11"><span class='ocrx_word' id='word_1_57' title='bbox 380 842 500 886; x_wconf 90' lang='lat' dir='ltr'><strong>Ioan.</strong></span> <span class='ocrx_word' id='word_1_58' title='bbox 533 841 721 884; x_wconf 86' lang='lat' dir='ltr'><strong>Malalae</strong></span> <span class='ocrx_word' id='word_1_59' title='bbox 740 841 992 897; x_wconf 82' lang='lat' dir='ltr'><strong>Chronogr.</strong></span> <span class='ocrx_word' id='word_1_60' title='bbox 1024 839 1140 882; x_wconf 90' lang='lat' dir='ltr'>XIV</span> <span class='ocrx_word' id='word_1_61' title='bbox 1161 855 1201 896; x_wconf 91' lang='lat' dir='ltr'>p.</span> <span class='ocrx_word' id='word_1_62' title='bbox 1226 839 1326 891; x_wconf 87' lang='lat'><strong>370,</strong></span> <span class='ocrx_word' id='word_1_63' title='bbox 1349 839 1407 882; x_wconf 76' lang='lat'>20</span> <span class='ocrx_word' id='word_1_64' title='bbox 1426 837 1580 882; x_wconf 86' lang='lat' dir='ltr'><strong>Dind.:</strong></span> <span class='ocrx_word' id='word_1_65' title='bbox 1613 838 1834 880; x_wconf 81' lang='lat' dir='ltr'><strong>Isocasius</strong></span> <span class='ocrx_word' id='word_1_66' title='bbox 1861 837 1950 894; x_wconf 82' lang='lat' dir='ltr'><strong>phi-</strong></span> 
     </span>
     <span class='ocr_line' id='line_1_10' title="bbox 235 909 1950 972; baseline -0.005 -14"><span class='ocrx_word' id='word_1_67' title='bbox 235 913 455 972; x_wconf 75' lang='lat' dir='ltr'><strong>Iosephus,</strong></span> <span class='ocrx_word' id='word_1_68' title='bbox 486 927 586 956; x_wconf 90' lang='lat' dir='ltr'>cum</span> <span class='ocrx_word' id='word_1_69' title='bbox 619 913 824 956; x_wconf 83' lang='lat' dir='ltr'><strong>manibus</strong></span> <span class='ocrx_word' id='word_1_70' title='bbox 855 919 952 968; x_wconf 88' lang='lat' dir='ltr'><strong>post</strong></span> <span class='ocrx_word' id='word_1_71' title='bbox 993 918 1165 967; x_wconf 84' lang='lat' dir='ltr'><strong>tergum</strong></span> <span class='ocrx_word' id='word_1_72' title='bbox 1209 909 1428 953; x_wconf 80' lang='lat' dir='ltr'><strong>devinctis</strong></span> <span class='ocrx_word' id='word_1_73' title='bbox 1471 910 1818 966; x_wconf 84' lang='lat' dir='ltr'><strong>vestimentoque</strong></span> <span class='ocrx_word' id='word_1_74' title='bbox 1860 922 1950 951; x_wconf 73' lang='lat' dir='ltr'><strong>eor-</strong></span> 
     </span>
     <span class='ocr_line' id='line_1_11' title="bbox 236 979 1952 1044; baseline -0.004 -16"><span class='ocrx_word' id='word_1_75' title='bbox 236 999 342 1044; x_wconf 87' lang='lat' dir='ltr'><strong>pore</strong></span> <span class='ocrx_word' id='word_1_76' title='bbox 372 985 568 1028; x_wconf 85' lang='lat' dir='ltr'><strong>detracto</strong></span> <span class='ocrx_word' id='word_1_77' title='bbox 600 984 656 1026; x_wconf 83' lang='lat' dir='ltr'>ad</span> <span class='ocrx_word' id='word_1_78' title='bbox 686 984 918 1038; x_wconf 74' lang='lat' dir='ltr'><strong>Pusaeum,</strong></span> <span class='ocrx_word' id='word_1_79' title='bbox 950 982 1220 1039; x_wconf 86' lang='lat' dir='ltr'><strong>praefectum</strong></span> <span class='ocrx_word' id='word_1_80' title='bbox 1250 982 1471 1039; x_wconf 82' lang='lat' dir='ltr'><strong>praetorii,</strong></span> <span class='ocrx_word' id='word_1_81' title='bbox 1500 980 1719 1022; x_wconf 86' lang='lat' dir='ltr'><strong>adductus</strong></span> <span class='ocrx_word' id='word_1_82' title='bbox 1741 979 1795 1022; x_wconf 89' lang='lat' dir='ltr'>ab</span> <span class='ocrx_word' id='word_1_83' title='bbox 1817 993 1952 1036; x_wconf 90' lang='lat' dir='ltr'><strong>eoque</strong></span> 
     </span>
     <span class='ocr_line' id='line_1_12' title="bbox 236 1051 1950 1115; baseline -0.002 -15"><span class='ocrx_word' id='word_1_84' title='bbox 236 1058 531 1113; x_wconf 84' lang='lat' dir='ltr'><strong>interrogatus</strong></span> <span class='ocrx_word' id='word_1_85' title='bbox 562 1063 689 1109; x_wconf 83' lang='lat' dir='ltr'><strong>esset,</strong></span> <span class='ocrx_word' id='word_1_86' title='bbox 719 1059 830 1115; x_wconf 81' lang='grc' dir='ltr'>ὁρᾷς</span> <span class='ocrx_word' id='word_1_87' title='bbox 859 1057 1030 1105; x_wconf 89' lang='grc' dir='ltr'>ςαυτόν,</span> <span class='ocrx_word' id='word_1_88' title='bbox 1077 1051 1280 1104; x_wconf 83' lang='grc' dir='ltr'>Ἰςοκάςιε,</span> <span class='ocrx_word' id='word_1_89' title='bbox 1314 1056 1360 1098; x_wconf 83' lang='grc' dir='ltr'>ἐν</span> <span class='ocrx_word' id='word_1_90' title='bbox 1388 1054 1504 1113; x_wconf 80' lang='grc' dir='ltr'>ποίῳ</span> <span class='ocrx_word' id='word_1_91' title='bbox 1525 1052 1709 1113; x_wconf 85' lang='grc' dir='ltr'>ςχήματι</span> <span class='ocrx_word' id='word_1_92' title='bbox 1739 1053 1950 1104; x_wconf 81' lang='grc' dir='ltr'>κατέστη-</span> 
     </span>
     <span class='ocr_line' id='line_1_13' title="bbox 237 1121 1951 1187; baseline -0.006 -10"><span class='ocrx_word' id='word_1_93' title='bbox 237 1147 330 1187; x_wconf 81' lang='grc' dir='ltr'>κας,</span> <span class='ocrx_word' id='word_1_94' title='bbox 349 1128 591 1185; x_wconf 87' lang='lat' dir='ltr'><strong>respondit:</strong></span> <span class='ocrx_word' id='word_1_95' title='bbox 613 1131 703 1186; x_wconf 83' lang='grc' dir='ltr'>ὁρῶ</span> <span class='ocrx_word' id='word_1_96' title='bbox 724 1128 793 1172; x_wconf 76' lang='grc' dir='ltr'>καὶ</span> <span class='ocrx_word' id='word_1_97' title='bbox 813 1130 865 1172; x_wconf 89' lang='grc' dir='ltr'>οὐ</span> <span class='ocrx_word' id='word_1_98' title='bbox 897 1124 1128 1181; x_wconf 85' lang='grc' dir='ltr'>ξενίζομαι·</span> <span class='ocrx_word' id='word_1_99' title='bbox 1151 1123 1263 1170; x_wconf 83' lang='grc' dir='ltr'>ἀνθ</span> <span class='ocrx_word' id='word_1_100' title='bbox 1270 1143 1300 1183; x_wconf 91' lang='grc' dir='ltr'>ρ</span> <span class='ocrx_word' id='word_1_101' title='bbox 1312 1143 1467 1170; x_wconf 87' lang='grc' dir='ltr'>ωπος</span> <span class='ocrx_word' id='word_1_102' title='bbox 1495 1124 1606 1182; x_wconf 82' lang='grc' dir='ltr'>γὰρ</span> <span class='ocrx_word' id='word_1_103' title='bbox 1636 1124 1703 1168; x_wconf 84' lang='grc' dir='ltr'>ὢν</span> <span class='ocrx_word' id='word_1_104' title='bbox 1734 1125 1762 1168; x_wconf 89' lang='grc' dir='ltr'>ἀ</span> <span class='ocrx_word' id='word_1_105' title='bbox 1776 1121 1951 1181; x_wconf 89' lang='grc' dir='ltr'>νθρω-</span> 
     </span>
     <span class='ocr_line' id='line_1_14' title="bbox 238 1194 1950 1258; baseline -0.007 -12"><span class='ocrx_word' id='word_1_106' title='bbox 238 1201 437 1247; x_wconf 88' lang='grc' dir='ltr'>πίναις</span> <span class='ocrx_word' id='word_1_107' title='bbox 467 1201 791 1258; x_wconf 83' lang='grc' dir='ltr'>περιέπεςα</span> <span class='ocrx_word' id='word_1_108' title='bbox 822 1202 1149 1257; x_wconf 86' lang='grc' dir='ltr'>ςυμφοραΐς.</span> <span class='ocrx_word' id='word_1_109' title='bbox 1183 1196 1396 1240; x_wconf 82' lang='lat' dir='ltr'>Similiter</span> <span class='ocrx_word' id='word_1_110' title='bbox 1414 1198 1672 1253; x_wconf 88' lang='lat' dir='ltr'><strong>Anonymus</strong></span> <span class='ocrx_word' id='word_1_111' title='bbox 1702 1195 1777 1251; x_wconf 89' lang='lat' dir='ltr'>qui</span> <span class='ocrx_word' id='word_1_112' title='bbox 1809 1194 1950 1237; x_wconf 86' lang='lat' dir='ltr'><strong>Cassii</strong></span> 
     </span>
     <span class='ocr_line' id='line_1_15' title="bbox 239 1264 1953 1325; baseline -0.004 -12"><span class='ocrx_word' id='word_1_113' title='bbox 239 1271 399 1314; x_wconf 79' lang='lat' dir='ltr'><strong>Dionis</strong></span> <span class='ocrx_word' id='word_1_114' title='bbox 421 1271 639 1313; x_wconf 79' lang='lat' dir='ltr'><strong>Historias</strong></span> <span class='ocrx_word' id='word_1_115' title='bbox 673 1269 948 1312; x_wconf 80' lang='lat' dir='ltr'><strong>continuavit</strong></span> <span class='ocrx_word' id='word_1_116' title='bbox 967 1269 1099 1325; x_wconf 85' lang='lat' dir='ltr'><strong>(Hist.</strong></span> <span class='ocrx_word' id='word_1_117' title='bbox 1131 1281 1275 1324; x_wconf 83' lang='lat' dir='ltr'><strong>graec.</strong></span> <span class='ocrx_word' id='word_1_118' title='bbox 1307 1267 1464 1322; x_wconf 85' lang='lat' dir='ltr'><strong>fragm.</strong></span> <span class='ocrx_word' id='word_1_119' title='bbox 1495 1266 1575 1319; x_wconf 68' lang='lat' dir='ltr'>IV,</span> <span class='ocrx_word' id='word_1_120' title='bbox 1607 1281 1646 1323; x_wconf 94' lang='lat' dir='ltr'>p.</span> <span class='ocrx_word' id='word_1_121' title='bbox 1671 1266 1755 1309; x_wconf 87' lang='grc'>198</span> <span class='ocrx_word' id='word_1_122' title='bbox 1779 1264 1953 1321; x_wconf 81' lang='lat' dir='ltr'><strong>Miiller)</strong></span> 
     </span>
     <span class='ocr_line' id='line_1_16' title="bbox 240 1336 1952 1399; baseline -0.003 -13"><span class='ocrx_word' id='word_1_123' title='bbox 240 1341 562 1386; x_wconf 74' lang='lat' dir='ltr'><strong>Diocletianum</strong></span> <span class='ocrx_word' id='word_1_124' title='bbox 585 1341 831 1399; x_wconf 88' lang='lat' dir='ltr'><strong>loquentem</strong></span> <span class='ocrx_word' id='word_1_125' title='bbox 855 1340 977 1383; x_wconf 82' lang='lat' dir='ltr'><strong>facit:</strong></span> <span class='ocrx_word' id='word_1_126' title='bbox 1010 1342 1079 1385; x_wconf 87' lang='grc' dir='ltr'>ὅτι</span> <span class='ocrx_word' id='word_1_127' title='bbox 1109 1340 1179 1385; x_wconf 82' lang='grc' dir='ltr'>καῖ</span> <span class='ocrx_word' id='word_1_128' title='bbox 1209 1338 1277 1384; x_wconf 85' lang='grc' dir='ltr'>διὰ</span> <span class='ocrx_word' id='word_1_129' title='bbox 1307 1341 1363 1384; x_wconf 88' lang='grc' dir='ltr'>τὸ</span> <span class='ocrx_word' id='word_1_130' title='bbox 1394 1337 1479 1395; x_wconf 80' lang='grc' dir='ltr'>(διὰ</span> <span class='ocrx_word' id='word_1_131' title='bbox 1509 1342 1645 1383; x_wconf 86' lang='grc' dir='ltr'>τοῦτο</span> <span class='ocrx_word' id='word_1_132' title='bbox 1679 1336 1855 1393; x_wconf 78' lang='lat' dir='ltr'><strong>Miiller)</strong></span> <span class='ocrx_word' id='word_1_133' title='bbox 1885 1355 1952 1381; x_wconf 88' lang='grc' dir='ltr'>τι-</span> 
     </span>
     <span class='ocr_line' id='line_1_17' title="bbox 238 1406 1952 1472; baseline -0.005 -12"><span class='ocrx_word' id='word_1_134' title='bbox 238 1417 320 1472; x_wconf 83' lang='grc' dir='ltr'>μῆς</span> <span class='ocrx_word' id='word_1_135' title='bbox 349 1416 483 1459; x_wconf 85' lang='grc' dir='ltr'>αὐτὸν</span> <span class='ocrx_word' id='word_1_136' title='bbox 503 1412 737 1459; x_wconf 88' lang='grc' dir='ltr'>ἀθανάτου</span> <span class='ocrx_word' id='word_1_137' title='bbox 761 1417 923 1464; x_wconf 92' lang='grc' dir='ltr'>&lt;τε&gt;</span> <span class='ocrx_word' id='word_1_138' title='bbox 941 1413 1218 1472; x_wconf 85' lang='grc' dir='ltr'>τετυχηκότα</span> <span class='ocrx_word' id='word_1_139' title='bbox 1249 1413 1407 1470; x_wconf 85' lang='grc' dir='ltr'>χρῆναι</span> <span class='ocrx_word' id='word_1_140' title='bbox 1435 1407 1685 1466; x_wconf 86' lang='grc' dir='ltr'>μεμνῆςθαι,</span> <span class='ocrx_word' id='word_1_141' title='bbox 1716 1410 1785 1454; x_wconf 87' lang='grc' dir='ltr'>ὅτι</span> <span class='ocrx_word' id='word_1_142' title='bbox 1815 1406 1855 1453; x_wconf 90' lang='grc' dir='ltr'>θ</span> <span class='ocrx_word' id='word_1_143' title='bbox 1870 1426 1952 1461; x_wconf 88' lang='grc' dir='ltr'>νη-</span> 
     </span>
     <span class='ocr_line' id='line_1_18' title="bbox 239 1482 1951 1542; baseline -0.005 -10"><span class='ocrx_word' id='word_1_144' title='bbox 239 1486 343 1532; x_wconf 90' lang='grc' dir='ltr'>τός</span> <span class='ocrx_word' id='word_1_145' title='bbox 370 1489 488 1531; x_wconf 85' lang='grc' dir='ltr'>ἐςτι</span> <span class='ocrx_word' id='word_1_146' title='bbox 518 1486 745 1530; x_wconf 76' lang='grc' dir='ltr'>καὶτῶν</span> <span class='ocrx_word' id='word_1_147' title='bbox 775 1482 1154 1542; x_wconf 89' lang='grc' dir='ltr'>ἀνθρωπίνων</span> <span class='ocrx_word' id='word_1_148' title='bbox 1185 1485 1483 1540; x_wconf 85' lang='grc' dir='ltr'>ςυμφορῶν</span> <span class='ocrx_word' id='word_1_149' title='bbox 1504 1483 1601 1525; x_wconf 85' lang='grc' dir='ltr'>οὐκ</span> <span class='ocrx_word' id='word_1_150' title='bbox 1621 1482 1951 1537; x_wconf 86' lang='grc' dir='ltr'>ἀλλότριος.</span> 
     </span>
     <span class='ocr_line' id='line_1_19' title="bbox 241 1549 1953 1611; baseline -0.005 -11"><span class='ocrx_word' id='word_1_151' title='bbox 241 1556 473 1600; x_wconf 78' lang='lat' dir='ltr'><strong>Menandri</strong></span> <span class='ocrx_word' id='word_1_152' title='bbox 502 1570 681 1598; x_wconf 86' lang='lat' dir='ltr'><strong>versum</strong></span> <span class='ocrx_word' id='word_1_153' title='bbox 722 1570 779 1598; x_wconf 85' lang='lat' dir='ltr'><strong>ex</strong></span> <span class='ocrx_word' id='word_1_154' title='bbox 809 1554 960 1597; x_wconf 86' lang='lat' dir='ltr'><strong>fabula</strong></span> <span class='ocrx_word' id='word_1_155' title='bbox 1004 1552 1185 1600; x_wconf 79' lang='grc' dir='ltr'>Ἐαυτὸν</span> <span class='ocrx_word' id='word_1_156' title='bbox 1227 1553 1541 1611; x_wconf 81' lang='grc' dir='ltr'>τιμωρούμενος</span> <span class='ocrx_word' id='word_1_157' title='bbox 1586 1557 1838 1608; x_wconf 83' lang='lat' dir='ltr'><strong>excerptum</strong></span> <span class='ocrx_word' id='word_1_158' title='bbox 1871 1549 1953 1592; x_wconf 85' lang='lat' dir='ltr'>sub</span> 
     </span>
     <span class='ocr_line' id='line_1_20' title="bbox 240 1621 1954 1683; baseline -0.005 -12"><span class='ocrx_word' id='word_1_159' title='bbox 240 1627 453 1671; x_wconf 86' lang='lat' dir='ltr'><strong>alterutra</strong></span> <span class='ocrx_word' id='word_1_160' title='bbox 482 1627 670 1670; x_wconf 85' lang='lat' dir='ltr'><strong>lectione</strong></span> <span class='ocrx_word' id='word_1_161' title='bbox 699 1625 837 1669; x_wconf 87' lang='lat' dir='ltr'><strong>latere</strong></span> <span class='ocrx_word' id='word_1_162' title='bbox 868 1633 991 1683; x_wconf 82' lang='lat' dir='ltr'><strong>putat</strong></span> <span class='ocrx_word' id='word_1_163' title='bbox 1020 1624 1163 1683; x_wconf 82' lang='lat' dir='ltr'><strong>Gleye</strong></span> <span class='ocrx_word' id='word_1_164' title='bbox 1195 1625 1315 1682; x_wconf 84' lang='lat' dir='ltr'>(Byz.</span> <span class='ocrx_word' id='word_1_165' title='bbox 1345 1623 1554 1665; x_wconf 83' lang='lat' dir='ltr'><strong>Zeitschr.</strong></span> <span class='ocrx_word' id='word_1_166' title='bbox 1586 1622 1641 1676; x_wconf 85' lang='lat' dir='ltr'>V,</span> <span class='ocrx_word' id='word_1_167' title='bbox 1662 1622 1765 1679; x_wconf 86' lang='lat'><strong>337)</strong></span> <span class='ocrx_word' id='word_1_168' title='bbox 1797 1621 1954 1664; x_wconf 84' lang='lat' dir='ltr'><strong>collato</strong></span> 
     </span>
     <span class='ocr_line' id='line_1_21' title="bbox 240 1692 1953 1751; baseline -0.004 -9"><span class='ocrx_word' id='word_1_169' title='bbox 240 1698 419 1742; x_wconf 81' lang='lat' dir='ltr'><strong>Terenti</strong></span> <span class='ocrx_word' id='word_1_170' title='bbox 453 1700 610 1742; x_wconf 82' lang='lat' dir='ltr'><strong>Heaut.</strong></span> <span class='ocrx_word' id='word_1_171' title='bbox 643 1699 720 1741; x_wconf 88' lang='lat'>77:</span> <span class='ocrx_word' id='word_1_172' title='bbox 748 1697 878 1740; x_wconf 92' lang='lat' dir='ltr'><strong>homo</strong></span> <span class='ocrx_word' id='word_1_173' title='bbox 910 1712 1026 1739; x_wconf 88' lang='lat' dir='ltr'><strong>sum:</strong></span> <span class='ocrx_word' id='word_1_174' title='bbox 1057 1696 1238 1738; x_wconf 83' lang='lat' dir='ltr'><strong>humani</strong></span> <span class='ocrx_word' id='word_1_175' title='bbox 1270 1695 1334 1737; x_wconf 91' lang='lat' dir='ltr'>nil</span> <span class='ocrx_word' id='word_1_176' title='bbox 1366 1709 1392 1736; x_wconf 85' lang='lat' dir='ltr'><strong>a</strong></span> <span class='ocrx_word' id='word_1_177' title='bbox 1412 1710 1482 1736; x_wconf 90' lang='lat' dir='ltr'><strong>me</strong></span> <span class='ocrx_word' id='word_1_178' title='bbox 1503 1694 1695 1737; x_wconf 86' lang='lat' dir='ltr'><strong>alienum</strong></span> <span class='ocrx_word' id='word_1_179' title='bbox 1717 1701 1832 1751; x_wconf 86' lang='lat' dir='ltr'><strong>puto.</strong></span> <span class='ocrx_word' id='word_1_180' title='bbox 1863 1692 1953 1735; x_wconf 87' lang='lat' dir='ltr'>Ma-</span> 
     </span>
    </p>
   </div>
   <div class='ocr_carea' id='block_1_6' title="bbox 239 1764 1951 1895">
    <p class='ocr_par' dir='ltr' id='par_1_7' title="bbox 239 1764 1951 1895">
     <span class='ocr_line' id='line_1_22' title="bbox 240 1764 1951 1839; baseline -0.002 -26"><span class='ocrx_word' id='word_1_181' title='bbox 240 1769 354 1813; x_wconf 86' lang='lat' dir='ltr'><strong>lalae</strong></span> <span class='ocrx_word' id='word_1_182' title='bbox 385 1770 521 1813; x_wconf 85' lang='lat' dir='ltr'><strong>verba</strong></span> <span class='ocrx_word' id='word_1_183' title='bbox 551 1768 979 1839; x_wconf 35' lang='lat' dir='ltr'><strong>*remigij-efficiunt:</strong></span> <span class='ocrx_word' id='word_1_184' title='bbox 1011 1766 1257 1825; x_wconf 85' lang='grc' dir='ltr'>ἅνθρωπος</span> <span class='ocrx_word' id='word_1_185' title='bbox 1285 1767 1376 1825; x_wconf 72' lang='grc' dir='ltr'>’γὰρ</span> <span class='ocrx_word' id='word_1_186' title='bbox 1407 1767 1464 1811; x_wconf 85' lang='grc' dir='ltr'>ὢν</span> <span class='ocrx_word' id='word_1_187' title='bbox 1491 1766 1497 1823; x_wconf 91' lang='grc' dir='ltr'>Ι</span> <span class='ocrx_word' id='word_1_188' title='bbox 1525 1764 1825 1824; x_wconf 66' lang='grc' dir='ltr'>ἀνθρωπίναις</span> <span class='ocrx_word' id='word_1_189' title='bbox 1854 1767 1951 1810; x_wconf 87' lang='grc' dir='ltr'>κτλ.</span> 
     </span>
     <span class='ocr_line' id='line_1_23' title="bbox 239 1838 1493 1895; baseline -0.005 -10"><span class='ocrx_word' id='word_1_190' title='bbox 239 1841 311 1885; x_wconf 89' lang='lat' dir='ltr'><strong>De</strong></span> <span class='ocrx_word' id='word_1_191' title='bbox 341 1842 500 1884; x_wconf 78' lang='lat' dir='ltr'><strong>aoristo</strong></span> <span class='ocrx_word' id='word_1_192' title='bbox 532 1843 670 1887; x_wconf 83' lang='grc' dir='ltr'>ἔπεςα</span> <span class='ocrx_word' id='word_1_193' title='bbox 702 1840 780 1884; x_wconf 70' lang='lat' dir='ltr'><strong>eir.</strong></span> <span class='ocrx_word' id='word_1_194' title='bbox 814 1839 1006 1882; x_wconf 85' lang='lat' dir='ltr'><strong>Lobeck.</strong></span> <span class='ocrx_word' id='word_1_195' title='bbox 1038 1839 1096 1880; x_wconf 87' lang='lat' dir='ltr'>ad</span> <span class='ocrx_word' id='word_1_196' title='bbox 1127 1838 1291 1895; x_wconf 84' lang='lat' dir='ltr'><strong>Phryn.</strong></span> <span class='ocrx_word' id='word_1_197' title='bbox 1324 1853 1362 1895; x_wconf 91' lang='lat' dir='ltr'>p.</span> <span class='ocrx_word' id='word_1_198' title='bbox 1395 1838 1493 1880; x_wconf 81' lang='lat'>724.</span> 
     </span>
    </p>
   </div>
   <div class='ocr_carea' id='block_1_7' title="bbox 389 2085 1824 2146">
    <p class='ocr_par' dir='ltr' id='par_1_8' title="bbox 389 2085 1824 2146">
     <span class='ocr_line' id='line_1_24' title="bbox 389 2085 1824 2146; baseline -0.003 -14"><span class='ocrx_word' id='word_1_199' title='bbox 389 2089 459 2132; x_wconf 89' lang='lat' dir='ltr'>Ad</span> <span class='ocrx_word' id='word_1_200' title='bbox 490 2089 782 2133; x_wconf 82' lang='lat' dir='ltr'><strong>Menandrum</strong></span> <span class='ocrx_word' id='word_1_201' title='bbox 814 2089 971 2132; x_wconf 85' lang='lat' dir='ltr'><strong>referri</strong></span> <span class='ocrx_word' id='word_1_202' title='bbox 1005 2095 1183 2146; x_wconf 83' lang='lat' dir='ltr'><strong>possunt</strong></span> <span class='ocrx_word' id='word_1_203' title='bbox 1213 2087 1266 2130; x_wconf 88' lang='lat' dir='ltr'>fr.</span> <span class='ocrx_word' id='word_1_204' title='bbox 1299 2087 1443 2144; x_wconf 83' lang='lat' dir='ltr'><strong>adesp.</strong></span> <span class='ocrx_word' id='word_1_205' title='bbox 1479 2087 1547 2142; x_wconf 85' lang='lat'>13,</span> <span class='ocrx_word' id='word_1_206' title='bbox 1580 2088 1647 2139; x_wconf 84' lang='lat'>21,</span> <span class='ocrx_word' id='word_1_207' title='bbox 1680 2086 1737 2127; x_wconf 83' lang='lat'>26</span> <span class='ocrx_word' id='word_1_208' title='bbox 1771 2085 1824 2127; x_wconf 91' lang='lat' dir='ltr'>D.</span> 
     </span>
    </p>
   </div>
   <div class='ocr_carea' id='block_1_8' title="bbox 361 2207 1843 2458">
    <p class='ocr_par' dir='ltr' id='par_1_9' title="bbox 361 2207 1843 2458">
     <span class='ocr_line' id='line_1_25' title="bbox 892 2207 1304 2252; baseline -0.005 0"><span class='ocrx_word' id='word_1_209' title='bbox 892 2207 1304 2252; x_wconf 82' lang='lat' dir='ltr'><strong>MENECRATES.</strong></span> 
     </span>
     <span class='ocr_line' id='line_1_26' title="bbox 1081 2306 1118 2347; baseline -0.054 0"><span class='ocrx_word' id='word_1_210' title='bbox 1081 2306 1118 2347; x_wconf 88' lang='lat'>1.</span> 
     </span>
     <span class='ocr_line' id='line_1_27' title="bbox 361 2392 1843 2458; baseline -0.005 -12"><span class='ocrx_word' id='word_1_211' title='bbox 361 2397 462 2445; x_wconf 77' lang='grc' dir='ltr'>ἀλλ’</span> <span class='ocrx_word' id='word_1_212' title='bbox 492 2399 640 2458; x_wconf 81' lang='grc' dir='ltr'>ὥςπερ</span> <span class='ocrx_word' id='word_1_213' title='bbox 671 2404 779 2446; x_wconf 82' lang='grc' dir='ltr'>παῖς</span> <span class='ocrx_word' id='word_1_214' title='bbox 808 2402 918 2445; x_wconf 87' lang='grc' dir='ltr'>ὅταν</span> <span class='ocrx_word' id='word_1_215' title='bbox 950 2398 1258 2457; x_wconf 82' lang='grc' dir='ltr'>ἀςτραγάλους</span> <span class='ocrx_word' id='word_1_216' title='bbox 1288 2398 1486 2455; x_wconf 80' lang='grc' dir='ltr'>ἐκκόψας</span> <span class='ocrx_word' id='word_1_217' title='bbox 1517 2392 1843 2454; x_wconf 83' lang='grc' dir='ltr'>ἀνταποπαίζῃ.</span> 
     </span>
    </p>
   </div>
   <div class='ocr_carea' id='block_1_9' title="bbox 246 2487 1956 3120">
    <p class='ocr_par' dir='ltr' id='par_1_10' title="bbox 246 2487 1956 3120">
     <span class='ocr_line' id='line_1_28' title="bbox 389 2487 1954 2550; baseline -0.002 -14"><span class='ocrx_word' id='word_1_218' title='bbox 389 2493 512 2537; x_wconf 81' lang='lat' dir='ltr'><strong>Phot.</strong></span> <span class='ocrx_word' id='word_1_219' title='bbox 541 2493 679 2537; x_wconf 89' lang='lat' dir='ltr'><strong>Berol.</strong></span> <span class='ocrx_word' id='word_1_220' title='bbox 714 2494 811 2550; x_wconf 72' lang='lat'>145‚</span> <span class='ocrx_word' id='word_1_221' title='bbox 845 2495 917 2538; x_wconf 87' lang='lat'>13:</span> <span class='ocrx_word' id='word_1_222' title='bbox 949 2490 1310 2547; x_wconf 77' lang='grc' dir='ltr'>ἁνταποπαίζειν·</span> <span class='ocrx_word' id='word_1_223' title='bbox 1349 2494 1458 2537; x_wconf 88' lang='grc' dir='ltr'>ὅταν</span> <span class='ocrx_word' id='word_1_224' title='bbox 1487 2508 1555 2536; x_wconf 92' lang='grc' dir='ltr'>τις</span> <span class='ocrx_word' id='word_1_225' title='bbox 1594 2487 1759 2543; x_wconf 85' lang='grc' dir='ltr'>παίζων</span> <span class='ocrx_word' id='word_1_226' title='bbox 1790 2491 1954 2547; x_wconf 89' lang='grc' dir='ltr'>ἀςτρα-</span> 
     </span>
     <span class='ocr_line' id='line_1_29' title="bbox 247 2559 1954 2624; baseline -0.004 -13"><span class='ocrx_word' id='word_1_227' title='bbox 247 2565 405 2623; x_wconf 79' lang='grc' dir='ltr'>γάλοις</span> <span class='ocrx_word' id='word_1_228' title='bbox 435 2564 461 2618; x_wconf 84' lang='grc' dir='ltr'>ἢ</span> <span class='ocrx_word' id='word_1_229' title='bbox 489 2565 666 2624; x_wconf 83' lang='grc' dir='ltr'>ψήφοις</span> <span class='ocrx_word' id='word_1_230' title='bbox 699 2565 836 2619; x_wconf 84' lang='grc' dir='ltr'>&lt;ἢ&gt;</span> <span class='ocrx_word' id='word_1_231' title='bbox 870 2566 939 2611; x_wconf 79' lang='grc' dir='ltr'>καὶ</span> <span class='ocrx_word' id='word_1_232' title='bbox 969 2566 1145 2624; x_wconf 82' lang='grc' dir='ltr'>καρύοις</span> <span class='ocrx_word' id='word_1_233' title='bbox 1175 2563 1200 2617; x_wconf 86' lang='grc' dir='ltr'>ἢ</span> <span class='ocrx_word' id='word_1_234' title='bbox 1230 2564 1299 2609; x_wconf 80' lang='grc' dir='ltr'>καὶ</span> <span class='ocrx_word' id='word_1_235' title='bbox 1329 2561 1517 2619; x_wconf 85' lang='grc' dir='ltr'>κυβεύων</span> <span class='ocrx_word' id='word_1_236' title='bbox 1563 2559 1636 2606; x_wconf 82' lang='grc' dir='ltr'>ἐπ’</span> <span class='ocrx_word' id='word_1_237' title='bbox 1670 2561 1861 2620; x_wconf 83' lang='grc' dir='ltr'>ἀργυρίῳ</span> <span class='ocrx_word' id='word_1_238' title='bbox 1893 2578 1954 2604; x_wconf 91' lang='grc' dir='ltr'>νι-</span> 
     </span>
     <span class='ocr_line' id='line_1_30' title="bbox 248 2631 1954 2696; baseline -0.005 -13"><span class='ocrx_word' id='word_1_239' title='bbox 248 2637 363 2696; x_wconf 80' lang='grc' dir='ltr'>κήςῃ,</span> <span class='ocrx_word' id='word_1_240' title='bbox 397 2637 489 2682; x_wconf 82' lang='grc' dir='ltr'>εἶτα</span> <span class='ocrx_word' id='word_1_241' title='bbox 535 2635 664 2682; x_wconf 81' lang='grc' dir='ltr'>αὖθις</span> <span class='ocrx_word' id='word_1_242' title='bbox 712 2639 874 2682; x_wconf 84' lang='grc' dir='ltr'>νικᾶται</span> <span class='ocrx_word' id='word_1_243' title='bbox 915 2638 941 2681; x_wconf 87' lang='grc' dir='ltr'><strong><em>ὃ</em></strong></span> <span class='ocrx_word' id='word_1_244' title='bbox 973 2637 1144 2689; x_wconf 83' lang='grc' dir='ltr'>ἑνίκηςε.</span> <span class='ocrx_word' id='word_1_245' title='bbox 1194 2634 1567 2692; x_wconf 85' lang='grc' dir='ltr'>Μενεκράτης</span> <span class='ocrx_word' id='word_1_246' title='bbox 1613 2631 1954 2689; x_wconf 85' lang='grc' dir='ltr'>Μανέκτορι·</span> 
     </span>
     <span class='ocr_line' id='line_1_31' title="bbox 246 2701 1956 2766; baseline -0.007 -12"><span class='ocrx_word' id='word_1_247' title='bbox 246 2705 381 2766; x_wconf 82' lang='grc' dir='ltr'>,ἀλλ’</span> <span class='ocrx_word' id='word_1_248' title='bbox 413 2708 601 2766; x_wconf 84' lang='grc' dir='ltr'>ὥςπερ</span> <span class='ocrx_word' id='word_1_249' title='bbox 632 2706 813 2752; x_wconf 82' lang='grc' dir='ltr'>κτλ.’-</span> <span class='ocrx_word' id='word_1_250' title='bbox 833 2707 957 2749; x_wconf 89' lang='lat' dir='ltr'><strong>Idem</strong></span> <span class='ocrx_word' id='word_1_251' title='bbox 981 2709 1074 2749; x_wconf 83' lang='lat' dir='ltr'><strong>sine</strong></span> <span class='ocrx_word' id='word_1_252' title='bbox 1106 2706 1369 2748; x_wconf 82' lang='lat' dir='ltr'><strong>Menecratis</strong></span> <span class='ocrx_word' id='word_1_253' title='bbox 1399 2705 1495 2747; x_wconf 89' lang='lat' dir='ltr'><strong>loco</strong></span> <span class='ocrx_word' id='word_1_254' title='bbox 1527 2705 1658 2746; x_wconf 87' lang='lat' dir='ltr'><strong>etiam</strong></span> <span class='ocrx_word' id='word_1_255' title='bbox 1689 2701 1854 2759; x_wconf 80' lang='lat' dir='ltr'><strong>Phryn.</strong></span> <span class='ocrx_word' id='word_1_256' title='bbox 1885 2703 1956 2757; x_wconf 84' lang='lat'>45,</span> 
     </span>
     <span class='ocr_line' id='line_1_32' title="bbox 249 2774 1953 2837; baseline -0.004 -14"><span class='ocrx_word' id='word_1_257' title='bbox 249 2780 277 2823; x_wconf 91' lang='lat'><strong>3</strong></span> <span class='ocrx_word' id='word_1_258' title='bbox 309 2778 429 2821; x_wconf 88' lang='lat' dir='ltr'><strong>Borr.</strong></span> <span class='ocrx_word' id='word_1_259' title='bbox 463 2779 531 2820; x_wconf 88' lang='lat' dir='ltr'><strong>De</strong></span> <span class='ocrx_word' id='word_1_260' title='bbox 562 2780 750 2837; x_wconf 78' lang='grc' dir='ltr'>ἐκκόψαι</span> <span class='ocrx_word' id='word_1_261' title='bbox 780 2779 808 2822; x_wconf 88' lang='lat' dir='ltr'>i.</span> <span class='ocrx_word' id='word_1_262' title='bbox 840 2793 878 2834; x_wconf 89' lang='lat' dir='ltr'>q.</span> <span class='ocrx_word' id='word_1_263' title='bbox 911 2781 1066 2831; x_wconf 85' lang='grc' dir='ltr'>νικῆςαι</span> <span class='ocrx_word' id='word_1_264' title='bbox 1090 2777 1167 2819; x_wconf 73' lang='lat' dir='ltr'>cfr.</span> <span class='ocrx_word' id='word_1_265' title='bbox 1198 2777 1379 2819; x_wconf 82' lang='lat' dir='ltr'><strong>Antiatt.</strong></span> <span class='ocrx_word' id='word_1_266' title='bbox 1400 2774 1540 2819; x_wconf 86' lang='lat' dir='ltr'><strong>Bekk.</strong></span> <span class='ocrx_word' id='word_1_267' title='bbox 1574 2775 1644 2817; x_wconf 81' lang='lat'>92.</span> <span class='ocrx_word' id='word_1_268' title='bbox 1676 2775 1721 2816; x_wconf 78' lang='lat'>5:</span> <span class='ocrx_word' id='word_1_269' title='bbox 1754 2774 1953 2830; x_wconf 82' lang='grc' dir='ltr'>ἐκκόψαι’</span> 
     </span>
     <span class='ocr_line' id='line_1_33' title="bbox 249 2842 1955 2907; baseline -0.007 -12"><span class='ocrx_word' id='word_1_270' title='bbox 249 2851 345 2896; x_wconf 78' lang='grc' dir='ltr'>ἀντὶ</span> <span class='ocrx_word' id='word_1_271' title='bbox 374 2853 455 2894; x_wconf 87' lang='grc' dir='ltr'>τοῦ</span> <span class='ocrx_word' id='word_1_272' title='bbox 487 2852 641 2902; x_wconf 84' lang='grc' dir='ltr'>νικῆςαι</span> <span class='ocrx_word' id='word_1_273' title='bbox 682 2847 843 2904; x_wconf 87' lang='grc' dir='ltr'>κύβοις.</span> <span class='ocrx_word' id='word_1_274' title='bbox 883 2846 1059 2902; x_wconf 82' lang='grc' dir='ltr'>Ἄλεξις</span> <span class='ocrx_word' id='word_1_275' title='bbox 1088 2845 1311 2907; x_wconf 73' lang='grc' dir='ltr'>Δακτυλίῳ</span> <span class='ocrx_word' id='word_1_276' title='bbox 1340 2845 1411 2903; x_wconf 84' lang='lat' dir='ltr'><strong>(fr.</strong></span> <span class='ocrx_word' id='word_1_277' title='bbox 1442 2847 1501 2888; x_wconf 89' lang='lat'>44</span> <span class='ocrx_word' id='word_1_278' title='bbox 1531 2845 1603 2902; x_wconf 89' lang='lat' dir='ltr'>K).</span> <span class='ocrx_word' id='word_1_279' title='bbox 1635 2844 1754 2887; x_wconf 86' lang='lat' dir='ltr'><strong>Suid.</strong></span> <span class='ocrx_word' id='word_1_280' title='bbox 1789 2869 1839 2874; x_wconf 70' lang='lat'>-—</span> <span class='ocrx_word' id='word_1_281' title='bbox 1874 2842 1955 2884; x_wconf 92' lang='lat' dir='ltr'>Zo-</span> 
     </span>
     <span class='ocr_line' id='line_1_34' title="bbox 248 2916 1955 2975; baseline -0.004 -11"><span class='ocrx_word' id='word_1_282' title='bbox 248 2935 339 2964; x_wconf 89' lang='lat' dir='ltr'><strong>nar.</strong></span> <span class='ocrx_word' id='word_1_283' title='bbox 372 2921 471 2963; x_wconf 82' lang='lat'>671.</span> <span class='ocrx_word' id='word_1_284' title='bbox 503 2945 558 2951; x_wconf 88' lang='lat'>-—</span> <span class='ocrx_word' id='word_1_285' title='bbox 593 2920 695 2962; x_wconf 80' lang='lat' dir='ltr'><strong>Hes.</strong></span> <span class='ocrx_word' id='word_1_286' title='bbox 742 2921 1054 2975; x_wconf 81' lang='grc' dir='ltr'>ἐκκεκομμένος·</span> <span class='ocrx_word' id='word_1_287' title='bbox 1100 2922 1126 2963; x_wconf 87' lang='grc' dir='ltr'><em>ὀ</em></span> <span class='ocrx_word' id='word_1_288' title='bbox 1157 2917 1225 2963; x_wconf 86' lang='grc' dir='ltr'>διὰ</span> <span class='ocrx_word' id='word_1_289' title='bbox 1256 2922 1338 2963; x_wconf 90' lang='grc' dir='ltr'>τοῦ</span> <span class='ocrx_word' id='word_1_290' title='bbox 1366 2916 1556 2973; x_wconf 85' lang='grc' dir='ltr'>κυβεύειν</span> <span class='ocrx_word' id='word_1_291' title='bbox 1585 2916 1641 2961; x_wconf 89' lang='grc' dir='ltr'>τὰ</span> <span class='ocrx_word' id='word_1_292' title='bbox 1673 2918 1806 2960; x_wconf 76' lang='grc' dir='ltr'>αὑτοῦ</span> <span class='ocrx_word' id='word_1_293' title='bbox 1837 2916 1955 2958; x_wconf 86' lang='grc' dir='ltr'>ἀπο-</span> 
     </span>
     <span class='ocr_line' id='line_1_35' title="bbox 247 2985 1956 3046; baseline -0.005 -13"><span class='ocrx_word' id='word_1_294' title='bbox 247 2993 389 3038; x_wconf 77' lang='grc' dir='ltr'>λέςας,</span> <span class='ocrx_word' id='word_1_295' title='bbox 422 2991 678 3034; x_wconf 84' lang='lat' dir='ltr'><strong>Tetrametr.</strong></span> <span class='ocrx_word' id='word_1_296' title='bbox 710 3005 834 3046; x_wconf 77' lang='lat' dir='ltr'><strong>anap.</strong></span> <span class='ocrx_word' id='word_1_297' title='bbox 857 3005 880 3032; x_wconf 92' lang='lat' dir='ltr'><strong>e</strong></span> <span class='ocrx_word' id='word_1_298' title='bbox 902 2989 1101 3046; x_wconf 84' lang='lat' dir='ltr'><strong>parabasi</strong></span> <span class='ocrx_word' id='word_1_299' title='bbox 1124 2996 1322 3045; x_wconf 84' lang='lat' dir='ltr'><strong>sumptus</strong></span> <span class='ocrx_word' id='word_1_300' title='bbox 1343 3002 1439 3030; x_wconf 83' lang='lat' dir='ltr'><strong>esse</strong></span> <span class='ocrx_word' id='word_1_301' title='bbox 1461 2988 1645 3030; x_wconf 84' lang='lat' dir='ltr'><strong>videtur.</strong></span> <span class='ocrx_word' id='word_1_302' title='bbox 1679 2985 1787 3028; x_wconf 89' lang='lat' dir='ltr'>Cum</span> <span class='ocrx_word' id='word_1_303' title='bbox 1812 2998 1956 3040; x_wconf 84' lang='lat' dir='ltr'><strong>puero,</strong></span> 
     </span>
     <span class='ocr_line' id='line_1_36' title="bbox 246 3055 1953 3120; baseline -0.006 -15"><span class='ocrx_word' id='word_1_304' title='bbox 246 3064 321 3120; x_wconf 87' lang='lat' dir='ltr'>qui</span> <span class='ocrx_word' id='word_1_305' title='bbox 352 3077 462 3120; x_wconf 85' lang='lat' dir='ltr'><strong>quae</strong></span> <span class='ocrx_word' id='word_1_306' title='bbox 492 3063 539 3103; x_wconf 91' lang='lat' dir='ltr'>in</span> <span class='ocrx_word' id='word_1_307' title='bbox 570 3061 760 3104; x_wconf 86' lang='lat' dir='ltr'><strong>talorum</strong></span> <span class='ocrx_word' id='word_1_308' title='bbox 792 3060 888 3102; x_wconf 85' lang='lat' dir='ltr'><strong>lusu</strong></span> <span class='ocrx_word' id='word_1_309' title='bbox 919 3060 1114 3103; x_wconf 84' lang='lat' dir='ltr'><strong>lucratus</strong></span> <span class='ocrx_word' id='word_1_310' title='bbox 1156 3067 1251 3102; x_wconf 81' lang='lat' dir='ltr'><strong>erat</strong></span> <span class='ocrx_word' id='word_1_311' title='bbox 1282 3067 1428 3115; x_wconf 83' lang='lat' dir='ltr'><strong>postea</strong></span> <span class='ocrx_word' id='word_1_312' title='bbox 1459 3073 1611 3100; x_wconf 85' lang='lat' dir='ltr'><strong>rursus</strong></span> <span class='ocrx_word' id='word_1_313' title='bbox 1643 3055 1845 3114; x_wconf 72' lang='lat' dir='ltr'><strong>perdidit,</strong></span> <span class='ocrx_word' id='word_1_314' title='bbox 1886 3069 1953 3111; x_wconf 88' lang='lat' dir='ltr'>po·</span> 
     </span>
    </p>
   </div>
  </div>
 </body>
</html>
