2280 3626
263 194 372 252 1283]
871 222 1194 251 aureuma-mu
1213 223 1392 252 oomcun
1927 213 1983 256 79

273 336 483 406 οίλῆρος
511 348 558 390 in
589 347 785 391 Platonis
816 346 1061 406 philosophi
1103 348 1307 406 Sophista
1347 365 1435 393 non
1477 352 1767 396 inveniantur.
1806 354 1982 411 Specio-

273 418 495 461 sissimum
526 426 594 461 est
622 418 739 477 quod
769 417 1012 463 Schneider
1041 419 1091 462 R.
1122 420 1267 477 (RhM.
1306 422 1436 478 1897,
1477 423 1583 480 448)
1624 426 1850 482 proposuit
1879 426 1984 469 scri-

272 487 468 532 bendum
499 504 595 533 esse
625 489 1108 551 χρηςμῳδόληρος
1136 492 1688 552 (wahrsagergesohwatz)
1725 499 1781 541 ἐν
1810 494 1981 556 Σοφι-

274 564 446 612 σταῖς,
478 560 596 619 quod
628 561 890 605 vocabulum
924 569 972 605 ut
1001 578 1087 605 non
1134 578 1274 620 pauca
1319 563 1484 607 similia
1529 580 1555 606 a
1586 565 1769 610 Platone
1816 568 1989 611 comice

271 630 423 675 fictum
455 640 580 675 esset.

1096 706 1164 748 14.

590 777 670 821 τὸν
700 777 970 836 ἀλεκτρυόνα
1000 779 1081 822 τὸν
1111 777 1222 838 ᾠδὸν
1252 778 1545 833 ἀποπνίξαςά
1572 798 1666 837 μου.

413 857 522 901 Lex.
553 859 742 902 Messan.
772 860 860 903 283
892 875 922 902 v
954 861 999 904 8:
1043 859 1240 920 <ᾠδὴ>
1275 862 1347 906 σὺν
1376 866 1438 922 τῷ
1466 872 1480 903 t
1511 863 1647 908 ...καὶ
1686 862 1809 924 ᾠδός,
1852 866 1981 909 ἀλεκ-

271 931 424 989 τρυών.
457 933 484 976 ὸ
517 932 652 976 αὐτὸς
681 929 877 984 (Plato)
912 929 1109 977 Φάωνι·
1142 934 1253 989 ,τὸν
1285 935 1643 992 ἀλεκτρυόνα
1673 932 1781 979 κτλ.’
1816 961 1871 966 -
1894 934 1983 979 Cfr.

272 1000 439 1045 Polluc.
470 1002 507 1056 I,
538 1004 614 1046 71:
654 1003 761 1061 περὶ
801 1004 1100 1061 ἀλεκτρυόνων
1140 1002 1265 1064 ᾠδάς,
1308 1006 1607 1063 ἀλεκτρυόνων
1647 1004 1851 1065 ᾀδόντων,
1892 1008 1982 1051 ὑπὸ

270 1074 353 1119 τὸν
382 1072 493 1134 ᾠδὸν
523 1072 699 1132 ὄρνιθα.

882 1145 952 1188 Ex
982 1145 1163 1188 incertis
1196 1146 1372 1189 fabulis.

1096 1218 1163 1259 15.

575 1289 733 1347 ἵναπερ
764 1287 966 1342 ποδώκης
996 1287 1082 1334 ἐστ’
1129 1287 1349 1350 Ἀχιλλεὺς
1379 1291 1405 1335 ὅ
1435 1308 1487 1335 τε
1519 1289 1675 1336 Μίνως.

415 1358 563 1417 Etym.
593 1358 781 1403 Genuin.
811 1359 863 1401 A.
895 1359 1220 1417 (Reitzenstein,
1250 1361 1394 1403 Index
1425 1360 1558 1404 schol.
1589 1361 1790 1404 Rostoeh.
1814 1362 1979 1420 1891s2

274 1444 314 1487 p.
348 1429 436 1487 13):
471 1429 629 1476 Μίνως·
660 1431 776 1476 τινὲς
806 1429 874 1476 διὰ
904 1435 984 1485 τῆς
1013 1434 1049 1476 H
1079 1430 1351 1491 διφὸάγγου,
1382 1431 1534 1486 ἐπειδὴ
1564 1433 1691 1492 παρὰ
1716 1435 1883 1485 <τὸ>
1904 1435 1981 1490 μέ-

275 1519 359 1547 νειν
387 1502 550 1558 γέγονε
577 1503 712 1559 μένως
740 1503 811 1547 καῖ
838 1503 998 1560 μείνως,
1029 1502 1179 1556 ἐπειδὴ
1209 1504 1452 1561 κατέμεινεν
1481 1506 1507 1557 ἠ
1541 1502 1744 1563 Εὐρώπη,
1776 1507 1834 1550 ὡς
1862 1507 1982 1562 λέγει

274 1576 301 1619 ὀ
336 1570 494 1632 Ὧρος,
527 1577 573 1619 ἐν
602 1572 751 1634 Κρήτῃ
795 1572 1029 1632 Ἀστερίωνι
1074 1573 1332 1631 γαμηθεῖσα,
1365 1574 1422 1629 ἐξ
1450 1574 1500 1629 ἧς
1528 1577 1714 1632 γέγονεν
1754 1579 1780 1621 ὁ
1824 1574 1980 1622 Μίνως·

271 1646 299 1699 ἦ
329 1643 379 1690 δὲ
407 1643 653 1704 παράδοσις
683 1646 774 1706 ἔχει
804 1647 860 1691 τὸ
890 1656 915 1695 ἰ,
958 1645 1109 1700 ἐπειδὴ
1138 1646 1267 1705 παρὰ
1297 1649 1353 1692 τὸ
1382 1648 1512 1704 μίμνω
1540 1649 1702 1704 γε’·γονε
1730 1649 1886 1704 μίμνωσ
1913 1649 1984 1693 καὶ

270 1717 409 1773 μίνως·
442 1715 468 1769 ἢ
497 1716 626 1775 παρὰ
655 1718 712 1762 τὸ
737 1718 781 1762 ἲς
811 1719 901 1762 ἰνὸς
940 1718 966 1762 ὃ
1008 1719 1191 1774 σημαίνει
1233 1718 1313 1771 τὴν
1352 1717 1524 1775 δύναμιν
1563 1720 1748 1775 γέγονεν
1789 1719 1885 1764 ἴνως
1913 1720 1983 1764 καὶ

272 1790 531 1848 πλεονασμῷ
560 1792 643 1834 τοῦ
670 1786 699 1846 ᾗ
731 1787 889 1841 Μίνως,
923 1787 1035 1834 ὅθεν
1064 1790 1135 1834 καὶ
1165 1788 1459 1848 Μινώταυρος.
1491 1792 1546 1835 τὸ
1577 1789 1625 1835 δὲ
1653 1791 1783 1847 μίμνω
1813 1789 1881 1836 διὰ
1901 1794 1982 1836 τοῦ

191 1867 194 1870 ⁴
269 1869 297 1917 Ι,
327 1860 398 1906 ὅτι
428 1860 556 1919 παρὰ
586 1862 642 1905 τὸ
671 1862 793 1918 μένω.
826 1860 852 1913 ἢ
883 1860 1033 1914 ἐπειδὴ
1065 1862 1239 1919 εὕρηται
1268 1862 1339 1906 καῖ
1369 1864 1415 1906 ἐν
1445 1865 1630 1920 συστολῇ
1658 1864 1714 1907 τὸ
1746 1860 1902 1912 Μίνως,
1925 1865 1982 1907 ὡς

272 1930 400 1990 παρὰ
432 1929 687 1977 Πλάτωνι
717 1935 780 1992 τῷ
809 1936 970 1992 κωμικῷ
1010 1932 1102 1977 οἷον
1134 1933 1185 1982 ,ἵν
1216 1931 1335 1990 ἅπερ
1366 1931 1505 1978 δοκεῖς
1535 1933 1742 1993 ἀχιλλεύς
1775 1935 1794 1986 ξ
1827 1931 1982 1990 μινων’;

272 2003 371 2048 ἀντὶ
398 2007 481 2048 τοῦ
508 2004 580 2048 καὶ
609 2006 636 2048 ὀ
665 2004 818 2060 μίνων..

415 2073 605 2116 Versum
638 2082 686 2116 ut
717 2089 850 2131 supra
882 2075 1038 2132 scripsi
1073 2076 1264 2117 correxit
1302 2074 1584 2132 Peppmuller
1622 2075 1808 2131 (BphW.
1854 2075 1981 2131 1892,

272 2160 313 2202 p.
346 2145 479 2201 1606)
510 2144 667 2189 collato
710 2146 835 2188 seolii
869 2146 936 2189 10.
968 2161 1009 2188 v.
1041 2147 1068 2189 3
1098 2147 1133 2189 B
1165 2145 1338 2200 (Athen.
1370 2145 1472 2199 XV,
1503 2161 1542 2202 p.
1575 2147 1662 2189 695
1675 2146 1737 2200 b):
1770 2144 1979 2205 φίλταθ’,

273 2217 327 2262 οὔ
354 2218 404 2262 τί
427 2235 519 2262 που
547 2215 777 2271 τέθνηκας·
804 2216 811 2276 Ι
840 2218 1002 2271 νήσςοις
1030 2216 1068 2262 δ’
1102 2221 1148 2263 ἐν
1176 2217 1377 2276 μακάρων
1409 2219 1456 2263 σέ
1483 2225 1614 2276 φασιν
1645 2217 1760 2267 εἶναι,
1790 2218 1795 2273 ss
1823 2218 1981 2275 ἵναπερ

272 2286 475 2342 ποδώκης
518 2286 750 2349 Ἀχιλλεύς.
782 2289 986 2331 Formam
1020 2288 1175 2339 Μίνων,
1218 2303 1349 2345 quam
1382 2289 1515 2331 Reitz.
1554 2295 1767 2345 temptare
1799 2303 1885 2330 non
1916 2295 1982 2330 est

274 2373 418 2413 ausus,
449 2359 554 2402 inde
584 2367 722 2402 ortam
755 2374 850 2403 esse
897 2367 1019 2417 putat
1063 2359 1254 2417 Peppm.‚
1300 2359 1414 2416 quod
1461 2360 1775 2415 grammaticus
1822 2374 1980 2401 nomen

274 2431 494 2488 proprium
528 2429 672 2476 Μίνως
702 2446 727 2473 a
758 2431 881 2474 verbi
911 2433 1041 2489 μίμνω
1070 2431 1299 2488 participio
1319 2433 1585 2489 μί<μ>νον
1605 2431 1849 2473 deduxerit.
1880 2430 1981 2473 Rei-

263 2503 487 2545 tzenstein
518 2517 624 2544 vero
654 2501 800 2545 hunos
829 2517 1007 2546 versum
1040 2503 1278 2546 constituit:
1302 2504 1459 2561 ἵναπερ
1496 2501 1716 2563 Ἀχιλλεύς
1737 2506 1848 2548 ἐστιν
1868 2504 1894 2547 ὅ
1915 2521 1978 2552 τε,

274 2572 426 2623 δοκεῖς,
460 2572 628 2624 Μίνων,·
661 2599 714 2605 -
748 2574 839 2618 Cfr.
869 2574 999 2616 Koek
1033 2574 1158 2618 CAF.
1190 2574 1273 2623 ΙΙΙ,
1304 2589 1344 2630 p.
1377 2575 1475 2618 728.

418 2643 458 2679 ἶν’
484 2643 577 2690 ἅπερ
606 2643 711 2691 δοκῆς
745 2643 910 2694 Ἀχιλλεῦ
934 2646 1025 2680 ἐστιν
1051 2644 1113 2681 ὅτε
1146 2646 1230 2690 μίνω
1256 2645 1334 2680 ἀντὶ
1358 2648 1428 2680 τοῦ
1449 2645 1576 2690 μίμνων
1608 2647 1688 2682 cod.
1724 2646 1755 2681 B
1781 2650 1875 2682 teste
1900 2646 1979 2681 Mil-

275 2706 352 2742 loro
377 2702 550 2751 (Melang.
576 2717 611 2751 p.
638 2704 733 2750 231).

1095 2766 1161 2807 16.

971 2834 1278 2895 αὐχμηρόβιος.

416 2905 523 2948 Lex.
556 2905 749 2948 Sabbait.
781 2907 821 2956 2,
852 2907 897 2950 2:
939 2905 1139 2966 αὐχμώδη
1174 2904 1387 2952 Φίλιστος
1427 2908 1602 2965 εἴρηκεν,
1645 2907 1980 2965 αὐχμηρότατος

276 2977 326 3023 δὲ
358 2976 541 3023 Πλάτων
571 2976 692 3034 (Leg.
723 2976 801 3030 VI,
832 2991 871 3034 p.
906 2978 987 3019 771
1024 2977 1066 3019 b:
1101 2977 1490 3038 αὐχμηροτάτους),
1523 2979 1591 3022 καῖ
1622 2978 1825 3036 αὔχμηςις
1859 2973 1977 3020 Θου-

275 3048 444 3102 κυδίδης
474 3048 544 3105 (V,
578 3049 650 3091 16:
684 3048 889 3109 αὕχηςιν),
922 3051 948 3093 ὁ
979 3050 1113 3093 αὐτὸς
1143 3047 1191 3093 δὲ
1222 3048 1296 3103 (ΙΙ,
1319 3048 1392 3104 62)
1428 3050 1497 3093 καὶ
1528 3050 1736 3108 αὔχμημα.
1769 3047 1838 3091 καὶ
1867 3048 1977 3106 mix-
