2280 3626
304 174 362 218 52
926 189 1101 217 mmm
1119 181 1380 217 omnam
1913 170 2014 221 [50]

303 331 405 361 acer
435 317 563 376 Eryx
592 316 639 359 in
669 315 835 375 proelia
866 323 1016 359 suetus
1047 314 1165 359 forre
1196 330 1375 359 manum
1406 313 1601 374 duroque
1631 315 1854 358 intendere
1883 314 2010 359 brao-

304 388 404 432 ehia
435 397 570 444 tergo.
601 412 660 419 —
693 389 874 432 Pausan.
905 387 1034 442 VIII,
1063 387 1135 441 40,
1166 387 1212 430 3:
1254 386 1349 445 ἱμὰς
1389 386 1498 442 ὀξὺς
1538 387 1614 432 ἐπὶ
1652 389 1715 447 τῷ
1743 389 1901 448 καρπῷ
1929 389 2010 441 τῆς

305 462 456 522 χειρὸς
486 460 706 519 ἑκατέρας.
729 483 789 492 -
809 458 875 503 Id.
907 458 962 515 V,
992 459 1063 516 21,
1099 459 1170 502 14:
1201 462 1228 504 ὁ
1248 459 1249 462 ’
1273 456 1565 504 Ἀπολλώνιος
1592 456 1936 504 κατεςκευάςατό
1952 475 2006 505 τε

304 535 399 577 τοῖς
439 533 573 589 ι’μᾶςιν
611 533 669 577 ὡς
711 533 771 577 εἰς
809 530 964 592 μάχην.
999 556 1055 562 --
1086 529 1197 575 Plat.
1227 532 1333 586 Leg.
1365 528 1492 581 VIII,
1524 545 1563 588 p.
1595 529 1683 574 830
1715 528 1754 572 b.
1788 553 1842 559 ——
1875 527 2011 573 Gru-

305 602 476 659 berger‚
510 601 761 659 Erziehung
802 617 841 644 u.
886 601 1061 645 Unterr.
1105 603 1164 644 im
1205 600 1342 644 klass.
1374 600 1524 644 Altert.
1556 600 1637 647 ΙΙΙ.
1673 615 1710 657 ρ.
1741 601 1827 644 211
1860 615 1922 659 oq.
1954 625 2011 633 —

305 672 352 717 Si
386 673 536 717 fabula
566 672 870 733 Προςπάλτιοι
904 672 1084 731 Eupolis
1114 688 1162 716 re
1194 687 1299 715 vera
1320 672 1460 715 litium
1484 671 1763 728 cupiditatem
1787 671 2012 729 exagitare

305 745 516 790 voluerat.
547 745 662 803 quod
696 744 943 788 Meinekius
973 745 1109 801 (com.
1141 743 1298 788 Graec.
1330 743 1383 786 fr.
1416 744 1450 796 Ι,
1484 745 1564 787 141
1601 746 1679 801 sq.)
1720 750 1765 785 et
1794 741 2011 800 Bergkius

304 816 416 874 (Rel.
448 831 556 860 com.
587 817 702 859 attio.
737 818 821 859 357
846 818 927 874 sq.)
948 816 1242 867 ooniecerunt,
1273 814 1570 872 fragmentum
1593 814 1647 857 ad
1670 814 1783 858 hanc
1813 812 2008 857 fabulam

305 888 461 931 referri
492 896 643 946 potest.
675 887 764 933 Cfr.
800 887 912 930 Plut.
947 887 1053 931 Mor.
1087 887 1144 930 80
1176 887 1221 930 b:
1252 884 1527 944 πεπαύμεθα
1545 886 1650 932 τοὺς
1668 888 1834 943 λόγους
1863 886 2012 945 ὥςπερ

306 960 484 1018 ἱμάντας
515 959 540 1014 ἢ
571 961 762 1020 ςφαίρας
792 958 1061 1016 ἐπιδούμενοι
1092 961 1212 1018 πρὸς
1241 958 1460 1012 ἀλλήλους
1498 958 1568 1003 καὶ
1605 960 1668 1018 τῷ
1707 955 1911 1012 πατάξω
1940 956 2013 1003 καὶ

305 1030 571 1088 καταλαβεῖν
599 1034 767 1089 μᾶλλον
798 1029 823 1084 ἣ
853 1034 915 1091 τῷ
944 1028 1102 1088 μαθεῖν
1131 1048 1173 1075 τι
1203 1030 1273 1075 καὶ
1302 1028 1475 1084 διδάξαι
1506 1029 1750 1090 χαίροντες.

1126 1137 1195 1179 23.

1135 1222 1214 1266 κάν
1243 1221 1353 1280 ποίᾳ
1384 1221 1515 1266 πόλει

578 1297 790 1339 τοςοῦτος
824 1293 991 1344 <ὣν>
1025 1295 1081 1338 τὸ
1111 1290 1308 1350 μέγεθος
1338 1290 1470 1353 ἰχθὺς
1498 1291 1742 1350 τρώγεταις

448 1375 676 1419 Philetaer.
708 1376 849 1420 Vatia.
881 1374 1032 1431 (Goba,
1064 1374 1143 1419 Rh.
1177 1375 1288 1420 Mus.
1319 1375 1447 1426 1888,
1477 1375 1601 1431 417):
1630 1375 1814 1434 τρώγειν
1842 1374 1913 1420 καὶ
1941 1376 2012 1420 ές-

305 1446 419 1493 θίειν
449 1446 657 1507 διαφέρει·
688 1449 743 1493 τὸ
772 1449 849 1506 μὲν
878 1448 1062 1507 τρώγειν
1102 1448 1179 1493 ἐπὶ
1217 1451 1303 1493 τῶν
1343 1448 1517 1504 ἀλόγων
1559 1444 1685 1507 ζῴων·
1728 1447 1815 1492 ἔστι
1856 1444 1906 1492 δὲ
1943 1446 2015 1492 καὶ

307 1520 382 1564 ἐπὶ
414 1523 500 1565 τῶν
531 1517 780 1578 ἀνθρώπων
809 1521 864 1565 τὸ
894 1520 1090 1577 τρώγειν.
1126 1517 1393 1565 Εὔπολις·
1427 1520 1540 1569 ,κάν
1568 1518 1709 1578 ποίᾳ
1740 1515 1868 1568 κτλ.’.·
1896 1519 2010 1575 μᾶλ-

305 1594 387 1636 λον
417 1590 466 1636 δὲ
496 1591 572 1636 ε’πι
615 1595 701 1636 τῶν
745 1590 1035 1650 τραγημάτων
1080 1595 1271 1652 χρῶνται
1313 1593 1375 1650 τῷ
1419 1589 1586 1648 τρώγω.
1619 1614 1677 1620 -
1709 1588 1798 1633 Cfr.
1828 1587 2011 1632 Antiatt.

307 1660 690 1706 Bokk.114.15:
737 1662 921 1722 τρώγειν
950 1663 1004 1708 οὗ
1033 1669 1138 1721 φαςι
1179 1660 1266 1707 δεῖν
1305 1662 1450 1718 λέγειν
1489 1663 1544 1707 τὸ
1586 1658 1756 1711 ε’ςθιειν.
1799 1659 1915 1706 ἀλλὰ
1954 1660 2011 1706 τὸ

307 1733 567 1791 τραγήματα
598 1731 766 1779 ε’ςθιειν.
799 1759 857 1765 -
888 1733 1009 1776 Ρὸοίι.
1039 1734 1233 1793 τρώγειν·
1265 1733 1364 1794 οὐχὶ
1392 1734 1448 1778 τὸ
1489 1730 1647 1778 ε’ςθίειν
1687 1732 1853 1782 ἁπλῶς.
1896 1730 2012 1777 ἀλλὰ

308 1804 365 1850 τὰ
396 1805 657 1863 τραγήματα
687 1824 755 1851 και
786 1804 958 1864 τρωκτὰ
989 1804 1242 1862 καλούμενα
1265 1805 1401 1850 οὕτως
1435 1801 1744 1863 Αριςτοφάνης
1764 1802 1859 1861 (Eq.
1883 1802 2012 1858 1077,

309 1877 406 1920 Pac.
444 1877 567 1927 1325,
600 1876 703 1934 Lyn.
736 1877 852 1933 537).

450 1950 626 1983 τοςοῦτος
650 1946 698 1983 ὢν
722 1945 966 1994 Studemund]
991 1949 1146 1983 τοςοῦτο
1172 1948 1253 1984 eod.

1126 2030 1197 2074 24.

1021 2114 1294 2172 ἀμαρτωλῶς.

453 2197 575 2241 Phot.
610 2197 753 2242 Berol.
783 2198 852 2254 88,
882 2198 928 2241 4:
961 2199 1236 2256 ἀμαρτωλῶς·
1267 2200 1620 2256 ἑπιρρηματικῶς-
1656 2193 1923 2242 Εὔπολις.

1124 2304 1195 2347 25.

921 2385 1165 2445 ἅνθρωπος
1194 2385 1251 2441 ἐξ
1279 2384 1396 2432 ὀδοῦ.

456 2469 574 2514 Pbot,
607 2469 743 2514 Berol.
779 2471 875 2525 140,
911 2471 982 2513 15:
1014 2468 1259 2528 ἅνθρωπος
1289 2468 1345 2523 ἐξ
1374 2468 1489 2515 ὀδοῦ·
1521 2467 1764 2527 ἅνθρωπος
1794 2467 2012 2529 ἐπιτυχὼν

310 2542 379 2587 καὶ
409 2546 494 2587 τῶν
524 2545 705 2587 πολλῶν
749 2546 835 2587 τῶν
881 2545 926 2587 ἐν
971 2546 1068 2587 ταῖς
1113 2540 1231 2586 ὁδοῖς
1278 2539 1621 2598 καλινδουμένων.
1657 2538 1922 2586 Εὔπολις.
1954 2562 2012 2571 -

310 2612 476 2672 Phryn.
509 2613 548 2667 6,
580 2617 608 2654 4
644 2613 779 2656 Rom:
811 2610 1056 2671 ἄνθρωπος
1088 2611 1144 2666 ἐξ
1173 2610 1289 2657 ὀδοῦ·
1322 2612 1420 2657 ἀντὶ
1459 2615 1540 2657 τοῦ
1569 2609 1813 2670 ἅνθρωπος
1850 2613 1937 2656 τῶν
1966 2612 2013 2656 ἐν

310 2683 429 2730 ὁδοῖς
460 2682 800 2741 καλινδουμένων.

1127 2779 1196 2821 26.

647 2865 723 2908 οὐκ
754 2865 798 2908 ἐς
829 2865 1019 2920 κόρακας
1050 2860 1364 2921 ἀνθρωπάριον
1395 2858 1680 2920 ἀποφθερεΐὸ

453 2944 575 2989 Phot.
596 2944 734 2989 Berol.
759 2947 855 2998 141,
876 2946 921 2988 3:
954 2943 1281 3004 ἀνθρωπάριον·
1306 2941 1573 2990 Εὔπολις·
1606 2945 1715 2994 ,οὐκ
1744 2945 1800 2989 ἐς
1828 2938 1936 2989 κτλ]
1954 2964 2012 2972 --

314 3016 403 3062 Cfr.
435 3016 692 3075 Nicophont.
725 3016 776 3060 fr.
809 3017 836 3058 2
860 3015 921 3058 K:
954 3019 1031 3062 οὐκ
1063 3019 1110 3061 ἐς
1128 3017 1319 3073 κόρακας
1338 3015 1399 3060 τὼ
1420 3012 1530 3075 χεῖρ’
1548 3014 1743 3060 ἀποιςεις
1757 3026 1833 3067 —3
1866 3036 1919 3044 -
1937 3011 2010 3055 At·
