2280 3626
322 145 378 189 78
942 161 1115 189 mmmm
1134 157 1398 190 nnmmozux
1933 141 2031 194 [2821

1158 289 1198 333 8.

1097 358 1265 421 ᾠδικῶσ.

463 432 571 476 Lex.
602 431 791 475 Menan.
823 432 911 475 272
942 446 972 474 v
1005 433 1048 475 7:
1084 430 1281 493 <ᾠδὴ>
1307 432 1378 479 σὺν
1406 436 1470 478 τῶ
1497 443 1511 474 t
1544 433 1684 479 ...καὶ
1712 430 1875 494 ᾠδικόσ.
1921 429 2032 492 Ἁρι-

324 504 546 565 στοφάνησ
575 502 692 564 Γήρᾳ
725 502 794 558 (sr.
827 503 854 547 8
885 502 958 560 D).
999 504 1069 549 καὶ
1112 501 1269 564 ᾠδικῶς
1309 502 1541 550 Πλάτων
1580 505 1903 563 Ξαντριάις.
1944 499 2036 550 cfr.

322 578 398 620 As.
433 575 563 633 vesp.
596 575 726 618 1240.

464 646 657 693 Ξαντρίαισ
680 647 801 684 Koek.
827 647 938 683 RhM.
968 645 1071 692 18⁹3,
1097 644 1182 692 238]
1209 644 1367 690 &dr-mace
1394 648 1489 693 cod„
1513 645 1670 683 Ξάνταισ
1693 647 1809 685 Baba·

1158 731 1198 773 9.

985 800 1360 858 ἀντικαταλαβεῖν.

464 883 588 928 Phot-
619 883 758 929 Berol.
793 884 890 935 148,
922 885 997 927 27:
1045 883 1420 941 ἀντικαταλαβεῖν·
1453 887 1703 946 ἀντιλαχεῖν
1732 883 1860 939 δίκην·
1893 881 2034 931 Πλά-

321 975 430 1002 των
461 954 794 1017 Πειςάνδρῳ.
826 981 885 986 -
916 955 1042 998 Idem
1075 956 1205 998 etiam
1240 956 1343 998 Hes.
1385 956 1548 999 omissa
1577 955 1774 999 Platonis
1805 955 2036 999 mentione.

322 1027 411 1074 Cfr.
442 1027 605 1072 Anecd.
637 1027 775 1072 Bekk.
811 1028 908 1078 184,
931 1028 1004 1071 29:
1038 1029 1288 1088 ἀντιλαχεῖν
1318 1028 1588 1074 ἀντικαλέσαι
1619 1028 1744 1074 ἐστίν.
1778 1028 1882 1070 Hes.
1913 1028 2034 1074 ἀντι-

321 1103 475 1161 λαχεῖν
506 1100 649 1156 (Dem.
681 1100 751 1154 32,
783 1098 871 1157 27)·
901 1101 957 1145 τὸ
988 1098 1104 1153 δίκην
1128 1099 1211 1145 ἐ’πὶ
1240 1098 1461 1153 διαιτητοῦ
1479 1101 1682 1161 λαχόντα
1702 1100 1860 1159 ἔρημον
1880 1101 2037 1159 ὀφλεῖν

323 1172 394 1218 καὶ
422 1170 560 1217 πάλιν
589 1172 696 1229 περὶ
724 1170 782 1216 τὰ
814 1170 925 1216 αὐτὰ
956 1168 1219 1225 δικάζεσθαι.
1254 1169 1416 1214 Polluc.
1447 1170 1575 1225 VIII,
1606 1170 1676 1214 61.

465 1243 671 1291 ἀντιλαχεῖν
695 1240 828 1288 Βθίίςκ]
855 1241 932 1277 ἀντὶ
956 1244 1026 1277 τοῦ
1048 1243 1175 1291 λαχεῖν
1199 1242 1230 1276 b.

1146 1326 1213 1371 10.

1051 1395 1300 1454 ἀναλαβεῖν.

464 1480 588 1523 Phot.
620 1479 759 1523 Berol.
793 1482 893 1536 115,
927 1483 967 1524 1:
1002 1479 1250 1537 ἀναλαβεῖν·
1283 1481 1421 1527 οὕτως
1451 1481 1582 1540 φασὶν
1622 1481 1699 1526 ἐπὶ
1736 1484 1823 1526 τῶν
1864 1497 2035 1534 νενοση-

322 1554 473 1598 κότων.
507 1550 743 1598 Πλάτων
774 1556 829 1598 ἐν
858 1550 1186 1612 Σοφισταῖς.
1212 1578 1267 1583 -
1293 1551 1381 1597 Cfr.
1411 1551 1567 1596 Galen.
1598 1552 1675 1598 ἐπὶ
1714 1556 1800 1598 τῶν
1840 1553 2035 1610 ἀναλαμ-

322 1622 548 1681 βανόντων
579 1627 627 1669 ἐκ
657 1625 783 1669 νόσου
811 1627 992 1682 μακρᾶς.
1025 1649 1083 1655 -
1115 1622 1226 1666 Plat.
1258 1623 1363 1680 Rep.
1394 1622 1449 1678 V,
1482 1638 1520 1681 p.
1551 1625 1638 1668 467
1674 1622 1719 1666 b:
1762 1626 1938 1678 ποιῆσαι
1966 1622 2038 1670 καὶ

322 1695 402 1749 τὴν
432 1694 571 1748 ἄλλην
600 1697 735 1740 πόλιν
777 1693 990 1741 ἀδύνατον
1031 1693 1278 1751 ἀναλαβεῖν.
1311 1719 1364 1726 —
1401 1695 1527 1738 Dem.
1558 1695 1629 1748 59,
1669 1694 1745 1739 58:
1787 1695 1942 1749 ἀνέστη
1981 1692 2039 1749 ἐξ

324 1765 554 1812 ἀσθενείας
585 1767 654 1812 καὶ
684 1764 907 1822 ἀνέλαβεν
937 1768 1103 1812 ἑαυτόν.
1126 1791 1184 1798 -——
1206 1765 1346 1809 Thuc.
1377 1765 1456 1819 VI,
1488 1766 1563 1810 26;
1596 1766 1816 1826 ἀνειλήφει
1847 1768 1873 1821 ἡ
1902 1767 2039 1812 πόλις

323 1838 480 1891 ἑαυτὴν
510 1840 606 1883 ἀπὸ
636 1841 715 1891 τῆς
746 1839 884 1883 νόσου.

1151 1922 1213 1964 ll.

1089 1992 1258 2039 ἀνεκτά.

466 2075 589 2119 Phot.
622 2075 762 2119 Berol.
797 2076 894 2120 131.
938 2077 1012 2120 15:
1054 2077 1242 2122 ἀνεκτοί·
1288 2074 1550 2131 Θουκυδίδης
1588 2075 1664 2132 (ΙΙ,
1696 2076 1837 2133 35)...
1877 2075 2037 2123 ἀνεκτὰ

322 2146 371 2194 δὲ
404 2146 636 2193 Πλάτων
666 2146 999 2207 Σοφισταῖς,
1031 2148 1102 2193 καῖ
1131 2149 1319 2193 ἀνεκτῶς
1364 2144 1600 2206 Ἰσοκράτης
1630 2147 1688 2204 (5,
1723 2147 1807 2203 11).

1147 2255 1214 2299 12.

1011 2323 1351 2383 ἀντασπάζομαι.

465 2408 587 2451 Phot.
623 2408 765 2452 Berol.
800 2410 897 2459 145,
932 2410 1005 2453 18:
1038 2407 1381 2466 ἀντασπάζομαι·
1414 2412 1459 2454 ἐν
1490 2410 1562 2470 ῑσῳ
1592 2413 1655 2471 τῷ
1685 2411 2038 2469 φιλοφρονοῦμαι

323 2482 393 2526 καὶ
427 2485 600 2532 <...>
636 2478 868 2526 Πλάτων
898 2479 1226 2540 Σοφισταῖσ.

465 2554 519 2597 τῷ
545 2554 839 2598 φιλοφρονοῦμαι
866 2549 997 2597 Βοίὶι]
1024 2550 1070 2587 τὸ
1095 2550 1434 2598 φιλοφρονούμενος
1459 2552 1490 2586 b.
1509 2553 1699 2590 Lacunam
1716 2553 1896 2589 indicavit
1919 2551 2037 2590 Reitz-

1149 2636 1214 2678 13.

464 2705 571 2749 Lex.
606 2706 790 2749 Mesena.
823 2707 910 2750 282
942 2722 971 2749 v
1008 2707 1081 2749 16:
1113 2706 1426 2768 χρησμῳδὸ<σ
1447 2707 1579 2759 σ>ὺν
1597 2710 1661 2768 τῷ
1679 2716 1693 2749 t
1715 2743 1725 2753 .
1740 2740 1771 2753 ..
1786 2704 1898 2766 παρ’
1920 2707 1948 2752 ὃ
1966 2706 2038 2753 καὶ

323 2776 698 2839 χρηισμοδέληροσ
729 2781 774 2823 ἐν
805 2776 1000 2838 Σοφιστῇ
1027 2776 1338 2824 Πλάτωνος.
1372 2777 1458 2821 Pro
1489 2785 1693 2837 corrupto
1724 2776 2035 2840 χρηιςμοδέλη-

320 2867 404 2908 ροσ
434 2849 555 2893 Rabe
586 2848 838 2910 χρηςμῴδησ
868 2853 1004 2908 λῆρος
1035 2849 1317 2893 scribendum
1340 2864 1436 2893 esne
1458 2850 1719 2907 suspicatur,
1740 2848 1870 2893 Kook
1890 2847 2036 2907 (mm.

325 2921 454 2977 1893,
486 2921 608 2976 238):
639 2919 877 2981 χρηςμῳδέ.
918 2924 1055 2977 λῆρος
1095 2921 1271 2979 (,inepte
1304 2920 1509 2978 loqueris,
1542 2920 1751 2974 fatidiee’)
1781 2920 1944 2964 conicit
1971 2928 2039 2963 ιι-

323 3006 409 3049 que
441 2992 496 3035 ad
530 2990 723 3035 Platonis
754 2991 912 3035 comici
945 2992 1249 3050 Sophistas
1291 2992 1437 3049 refert,
1468 3007 1567 3036 oum
1601 2991 1817 3036 voeabula
1845 2992 2039 3053 χρησμός
