2280 3626
345 160 404 203 40
962 178 1135 206 mmm
1154 176 1418 207 nnmnozux
1949 164 2051 215 [ml

1045 303 1344 349 DIPHILUS.

952 388 1022 432 Ex
1053 388 1232 432 incertis
1262 387 1437 433 fabulis.

1177 474 1213 515 l.

1096 541 1287 590 ἀθετεῖν.

482 635 604 680 Phot.
638 635 775 681 Berol.
806 638 876 687 40,
913 639 952 680 1:
994 636 1184 684 ἀθετεῖν·
1218 640 1294 685 ἐπὶ
1332 643 1414 686 τοῦ
1451 640 1508 698 μὴ
1548 637 1759 699 ἁρμόζειν.
1800 637 2046 701 Δίφιλος

338 709 559 770 κέχρηται.
589 707 715 751 Idem
745 710 906 751 omisso
937 708 1108 767 Diphili
1138 710 1312 754 nomine
1343 711 1474 754 etiam
1505 710 1644 756 Bekk.
1666 711 1832 756 Aneod.
1852 711 1954 769 360,
1976 712 2044 757 19.

1171 805 1210 848 2.

1106 885 1281 944 Ἀμισόν.

476 980 599 1025 Phot.
631 980 770 1024 Berol.
802 982 872 1038 92,
904 983 978 1026 11:
1036 979 1209 1039 Ἀμισόν·
1239 983 1318 1037 τὴν
1358 985 1492 1029 πόλιν
1532 985 1757 1043 ἀρσενικῶς
1795 982 2043 1045 Διφιλος

335 1052 469 1099 εἶπεν.
503 1053 569 1096 De
602 1052 764 1099 Amiso
794 1051 924 1095 Ponti
956 1052 1075 1108 urbe,
1106 1052 1186 1096 cfr.
1217 1051 1365 1111 Steph.
1396 1054 1499 1098 sz.
1529 1056 1708 1112 λέγεται
1738 1056 1809 1102 καὶ
1851 1053 2039 1115 Ἀμίςιος.

334 1127 391 1170 ὡς
424 1122 574 1170 Φίλων
604 1127 650 1169 ἐν
678 1128 740 1185 τῷ
770 1125 875 1183 περὶ
914 1125 1102 1170 πόλεων
1147 1124 1314 1167 vitiose
1360 1125 1481 1169 Suid
1536 1123 1732 1184 Ἀμινςός,
1773 1127 1909 1185 ὄνομα
1947 1129 2039 1174 τό·

332 1198 453 1253 λεωσ,
484 1198 526 1241 οἱ
554 1194 603 1240 δὲ
647 1193 820 1253 Ἀμηςόσ
850 1194 918 1241 διὰ
948 1199 1030 1241 τοῦ
1057 1194 1084 1249 ἦ
1114 1214 1183 1241 και
1217 1194 1457 1254 Αμησηνόσ.
1491 1222 1548 1229 -
1571 1197 1770 1241 Strabon.
1806 1198 1859 1241 12
1890 1212 1930 1255 p.
1950 1198 2038 1256 648

333 1275 376 1309 et
406 1266 509 1309 alibi
544 1281 686 1324 saepe.

483 1336 615 1383 Ἀμισόν
637 1335 771 1383 ReitzJ
799 1335 938 1383 Ἀμιςον
965 1338 997 1375 b.

1028 1421 1332 1466 EPILYCUS.

1166 1507 1202 1548 1.

986 1591 1148 1634 πλοῖόν
1176 1607 1228 1635 τε
1257 1587 1407 1646 λαβὼν
1436 1588 1531 1635 κατ’
1565 1592 1749 1647 ἐμαυτὸν

611 1658 969 1719 κάμφιζΒληστρον
997 1660 1077 1714 τήν
1107 1678 1157 1706 τε
1186 1661 1392 1718 τρίαιναν.

469 1753 593 1797 Phot.
616 1754 756 1797 Berol.
778 1755 846 1798 99.
872 1755 942 1797 10:
976 1753 1319 1814 ἀμφίβληστρον·
1342 1753 1650 1802 Ἐπίλυκος
1683 1754 1727 1802 Κ
1731 1757 2029 1819 ωραλίςκφ·

325 1828 548 1884 ,πλοῖόν
576 1844 637 1872 τε
667 1824 768 1872 κτὲ.’
800 1826 938 1872 οὕτως
966 1824 1015 1871 δὲ
1044 1827 1113 1872 καῖ
1141 1824 1360 1885 Στράττις
1385 1827 1455 1881 (fr.
1481 1829 1504 1870 7
1530 1827 1601 1882 D).
1621 1853 1676 1859 —
1699 1826 2031 1888 ἀμφίβληστρον

324 1898 451 1956 (rete)
472 1906 516 1940 et
534 1916 702 1957 τριαινα
723 1896 932 1954 (fuscina)
958 1898 1246 1941 instrumenta
1268 1897 1503 1956 piscatoria
1526 1906 1638 1943 sunt„
1660 1897 1825 1942 Polluc.
1845 1898 1904 1953 X,
1926 1900 2030 1945 132:

326 1970 383 2015 τὰ
414 1969 463 2015 δὲ
494 1971 645 2015 ἁλιέως
675 1969 816 2023 ςκεύη.
830 2002 838 2011 .
853 2005 863 2015 .
896 1967 1249 2029 ἀμφίβληστρον.
1264 2004 1274 2012 .
1288 2005 1298 2015 .
1330 1969 1531 2029 τριόδους
1570 1989 1750 2030 τριαινα.
1787 1969 1877 2015 cfr.
1908 1970 2030 2016 Suid.

324 2040 666 2101 ἀμφιβληςτρον·
698 2042 754 2086 τὸ
784 2039 964 2087 δίκτυον.

466 2110 679 2159 Κωραλίσκῳ
704 2110 835 2158 Restm]
861 2111 1057 2158 καρανίσκυ
1082 2111 1114 2149 b.

1029 2195 1316 2239 EUBULUS.

1159 2281 1196 2322 1.

323 2365 480 2407 ἐκεῖνος
509 2359 548 2407 δ’
579 2360 629 2415 ἦν
660 2363 833 2422 ἰσχυρὸς
863 2360 1036 2421 σφόδρα
1067 2362 1137 2407 καὶ
1167 2361 1403 2421 ἀτεράμων.
1435 2363 1487 2407 ὃς
1505 2380 1558 2419 με
1578 2360 1792 2408 κλάουςαν
1819 2359 1917 2433 τὰτ”
1947 2364 2027 2409 οὐκ

1089 2435 1250 2487 ἠλέησε.

462 2526 583 2570 Phot.
616 2527 754 2570 Berol.
790 2529 886 2573 137.
922 2530 963 2571 1:
995 2530 1244 2582 ἀνηλέητος·
1266 2530 1318 2574 οὐ
1337 2529 1469 2584 μόνον
1500 2527 1693 2581 ἀνηλεής.
1728 2525 2023 2584 Εὔβουλος
2093 2558 2100 2564 ·

318 2597 516 2659 Δανάῃ·
550 2602 779 2650 ,ἐκεῖνος
808 2597 909 2645 κτὲ.’
941 2623 1000 2631 -
1023 2599 1183 2656 Pbryn.
1214 2598 1284 2654 46,
1315 2599 1342 2642 2
1374 2599 1508 2642 Bora:
1540 2600 1787 2652 ἀνηλέητος·
1818 2598 1888 2645 καὶ
1916 2600 2020 2653 ἀνη-

317 2670 420 2725 λεής
454 2667 638 2729 <ἀμφὶυ
668 2669 889 2727 δόκιμα>.
922 2695 979 2701 -
1009 2670 1062 2713 In
1095 2670 1256 2713 Eubuli
1303 2669 1450 2713 verbis
1492 2669 1614 2712 deest
1654 2685 1742 2713 vox
1774 2669 2021 2714 necessaria

319 2743 566 2798 ἀνηλέητος,
597 2756 683 2798 qua
704 2755 749 2783 re
772 2730 1061 2795 fragmentum
1087 2741 1163 2784 vix
1185 2756 1337 2784 sanum
1362 2755 1457 2784 esso
1490 2748 1638 2798 potest.
1673 2741 1817 2785 Hei-w.
1838 2737 2019 2798 (Bphw.

320 2814 447 2866 1907,
477 2812 582 2866 286)
614 2812 746 2854 verba
777 2813 950 2873 ἱσχυρὸσ
980 2812 1153 2872 σφόδρα
1184 2812 1400 2870 glossema
1431 2812 1553 2855 vocis
1584 2811 1808 2870 ἀτεράμων
1826 2825 1922 2855 esse
1940 2825 2019 2869 pu·

316 2892 414 2927 tans
443 2882 523 2927 hos
554 2898 708 2926 versus
739 2884 966 2927 restituero
997 2892 1194 2927 conatur:
1227 2887 1384 2930 ἐκεῖνος
1405 2882 1455 2937 ἦν
1481 2887 1487 2938 Ι
1518 2884 1863 2937 <ἀνηλέητος>
1886 2883 2017 2928 κάτε-

315 2955 470 3012 ρᾰμων,
517 2954 728 3001 κλάουςαν
773 2955 823 3000 ὃς
850 2960 855 3011 Ι
883 2958 959 3000 οὑκ
998 2956 1152 3009 ἡλέησέ
1177 2973 1229 3013 με
1258 2956 1375 3000 τότε.
1425 2953 1697 2998 probabilius
1728 2954 1817 2997 Leo
1846 2952 2015 3007 (Herm.

316 3026 386 3081 42,
420 3026 539 3083 155):
