2280 3626
294 173 352 217 58
920 187 1093 216 mmm
1112 182 1373 216 nnuuizozux
1911 170 2010 231 [ml

1120 314 1187 357 10.

583 399 894 458 ἁγγαροφόρει
925 398 995 443 καῖ
1023 395 1159 443 ταῦθ’
1191 396 1219 443 ἃ
1252 402 1323 444 νῦν
1353 402 1507 449 ποιεῖς,
1540 398 1671 455 ποίει,

583 468 690 524 ἐξὸν
720 467 1083 528 διαρρηγνύμενον
1114 467 1300 526 ἀγαθῶν
1328 470 1496 528 μυρίων.

584 538 844 598 ςιτιζόμενον
874 541 954 594 τὴν
986 541 1116 586 νύκτα
1146 541 1217 587 καὶ
1246 540 1325 595 τὴν
1355 542 1516 600 ἡμέραν

581 611 758 670 διάγειν.

439 694 562 739 Phot.
598 695 734 739 Berol.
772 696 837 750 11,
870 695 914 738 3:
957 694 1162 754 ἇγγαροι·
1209 698 1252 742 οἱ
1296 698 1344 742 ἐκ
1389 694 1597 757 διαδοχῆς
1639 697 2019 756 γραμματοφόροι·

297 802 307 812 .
322 802 333 811 .
347 802 357 812 .
370 767 440 812 καὶ
469 769 524 812 τὸ
555 769 893 826 ἁγγαροφορεῑν
939 767 1016 812 ἐπὶ
1059 771 1141 813 τοῦ
1187 768 1354 826 φορτία
1402 768 1554 827 φέρειν
1597 766 1743 813 ἄλλως
1781 785 1834 813 τε
1862 768 1934 814 καὶ
1964 769 2013 813 εἰι

297 836 516 899 διαδοχῆς.
550 837 893 897 Μένανδρος
923 836 1330 895 Πωλουμένοις·
1364 840 1791 898 ,ἀγγαροφόρει
1821 836 1931 885 κτλ.”
1953 862 2011 871 —

295 908 433 953 Bekk.
455 911 533 953 An.
565 911 667 963 325,
700 910 773 953 10:
805 910 1155 969 ἀγγαροφορεΐν·
1187 911 1243 955 τὸ
1273 909 1386 956 κατὰ
1416 908 1625 971 διαδοχὴν
1654 911 1941 968 πεμπόμενόν
1968 927 2012 956 τι

296 982 498 1040 φορτίον.
536 1007 579 1012 -
622 980 743 1025 Suid.
776 998 808 1023 s.
839 996 881 1025 v,
915 979 1183 1040 ἅγγαροι...
1217 983 1555 1041 ἁγγαροφορεΐν
1585 982 1663 1027 ἐπὶ
1691 985 1773 1027 τοῦ
1802 981 1861 1027 τὰ
1890 988 2011 1042 φορ-

295 1053 369 1098 τία
399 1054 562 1112 φέρειν.
597 1078 650 1084 -
688 1051 779 1096 Cfr.
813 1053 966 1095 Zonar.
997 1053 1074 1107 363
1107 1053 1229 1095 Eust.
1265 1053 1391 1109 1834,
1423 1053 1500 1107 293
1532 1052 1599 1096 Et.
1629 1051 1748 1109 Mag.
1779 1056 1820 1106 6,
1849 1053 1922 1097 45.
1956 1077 2007 1085 —

295 1123 473 1180 Procop.
505 1123 647 1168 Aedis.
678 1125 719 1179 2,
750 1125 796 1167 4:
828 1124 978 1183 ὥςπερ
1009 1123 1124 1170 ἄλλο
1154 1142 1197 1170 τι
1228 1126 1671 1184 ἁγγαροφοροῦντες.
1703 1148 1763 1156 -
1793 1124 1864 1168 De
1902 1138 2013 1169 voco

297 1193 638 1254 διαρρήγνυςθαι
671 1195 726 1238 of.
758 1195 933 1238 Anaxil.
966 1195 1019 1238 fr.
1052 1196 1109 1239 25
1142 1195 1196 1250 Κ,
1227 1194 1482 1239 Phoenioid.
1514 1194 1569 1238 fr.
1601 1196 1628 1238 3
1660 1195 1716 1239 K.
1747 1220 1807 1228 —
1838 1194 2014 1254 Antiph.

297 1265 349 1309 fr.
383 1267 440 1309 86
474 1267 532 1310 K:
566 1265 852 1324 ςιτιζομένους
880 1268 950 1313 καὶ
981 1265 1114 1313 πάντ’
1148 1268 1338 1328 ἔχοντας
1367 1266 1595 1327 ἀφθόνως.

441 1338 471 1373 1.
499 1338 755 1385 ἀγγαροφόρει
779 1337 913 1384 Βθὶίῑῑ]
939 1339 1201 1385 ἀγγαροφορεῒ
1220 1339 1287 1374 ab.
1304 1359 1346 1364 —
1362 1336 1473 1374 ταῦθ’
1499 1337 1523 1374 ἃ
1547 1338 1678 1384 Restm]
1695 1336 1821 1375 ‘raUSa
1845 1339 1877 1386 b,
1894 1341 2013 1376 ταῦτα

297 1408 331 1432 a.
359 1417 405 1423 —
430 1401 546 1433 ποιεῖς
571 1395 605 1444 b]
630 1402 732 1434 ποιεῖ
753 1410 787 1433 a.
817 1419 856 1424 -
885 1396 996 1434 was·
1023 1396 1047 1434 ἃ
1072 1401 1130 1434 νῦν
1152 1402 1278 1437 ποιεῖς.
1312 1399 1407 1434 ποίει
1433 1399 1551 1436 Reitz.
1578 1400 1700 1436 collat·
1734 1399 1801 1436 Ar.
1834 1398 2012 1447 134213.

295 1454 407 1492 ταῦθ’
434 1456 527 1503 ἇπερ
552 1461 678 1496 ποιεῖς,
703 1458 810 1495 ποίει.
838 1478 880 1483 -
907 1456 1027 1493 πάντα
1054 1461 1111 1493 νῦν
1141 1461 1254 1494 ποιῶν
1285 1462 1393 1494 πονεῖ
1419 1459 1514 1496 falso
1547 1459 1698 1496 Wilam-
1727 1477 1770 1484 -—
1796 1455 2014 1504 ςιτιζόμενον

298 1515 492 1563 Fredrich]
517 1515 742 1563 ςιτιζομένων
766 1518 831 1553 ab.

1125 1581 1146 1620 l
1156 1579 1191 1620 1.

1014 1664 1091 1707 οὐκ
1122 1660 1327 1721 ἔμβαρος.

587 1733 632 1776 Β.
664 1733 713 1778 τί
739 1731 958 1791 ἔμβαρος;
989 1734 1229 1794 ἀρχαῖςμὸς
1259 1731 1391 1779 οὗτος
1419 1732 1634 1792 ῥημάτων.

442 1815 547 1858 Lex.
582 1814 773 1859 Sabbait.
807 1817 875 1871 18,
907 1817 981 1861 16:
1028 1815 1409 1875 <ἔμβαρος...>
1445 1814 1787 1875 Μένανδρος
1830 1813 2012 1862 Ῥαπι-

299 1884 516 1947 ζομένῃ·
549 1890 661 1938 ,οὐκ
691 1886 947 1947 ἕμβαρος
977 1891 1070 1934 κτλ.
1094 1887 1334 1930 —Vorsus
1367 1888 1431 1930 sic
1463 1887 1785 1931 constituerunt
1814 1885 2013 1931 Boinaeh

298 1958 423 2012 (Rev.
456 1958 532 2001 des
564 1961 616 2001 et.
649 1973 714 2015 gr.
751 1959 877 2016 1892,
908 1960 1024 2015 325),
1064 1958 1195 2003 Koek
1236 1958 1381 2017 (RhM.
1417 1960 1545 2014 1893,
1577 1959 1694 2015 589),
1724 1956 2015 2002 Kretsehmu

296 2029 384 2086 (De
417 2029 529 2073 Men.
562 2030 638 2074 rel.
671 2031 788 2085 110).
829 2030 1048 2088 Papadop.
1080 2038 1123 2074 et
1153 2030 1309 2089 Blayd.
1339 2030 1472 2088 (Adv.
1503 2029 1564 2085 ΙΙ,
1594 2031 1700 2087 347)
1732 2044 2014 2073 numerorum

298 2102 465 2145 ratione
496 2117 580 2144 non
614 2100 765 2145 habita
795 2103 861 2146 sio
892 2102 1229 2145 distribuerunt:
1262 2105 1340 2148 οὐκ
1371 2101 1566 2161 ἕμβαρος
1597 2102 1645 2148 εἶ.
1678 2127 1737 2133 -
1764 2102 1771 2160 Ι
1799 2100 2015 2161 ἔμβαροςς

297 2171 407 2218 κτλ.’
425 2199 482 2204 -
499 2173 618 2227 Quid
642 2172 835 2233 ἕμβαρος
851 2174 1128 2230 significaret,
1142 2174 1231 2216 iam
1252 2173 1420 2231 antiqui
1443 2173 1718 2230 grammatici
1740 2172 2014 2230 ignorabant.

299 2242 388 2287 cfr.
420 2242 541 2288 Suid.
560 2263 617 2283 =
635 2245 851 2307 νουνεχής,
885 2247 1112 2305 φρόνιμος.
1150 2245 1251 2288 Hes.
1269 2263 1326 2283 -τ
1345 2243 1531 2299 ἠλίθιος.
1563 2247 1719 2303 μωρός.
1753 2243 1779 2298 ἢ
1810 2243 2015 2306 νουνεχὴς

297 2316 373 2373 (=
392 2316 503 2359 Men.
536 2315 588 2359 fr.
620 2317 707 2360 502
742 2316 810 2374 K).
842 2315 953 2359 Lex.
986 2316 1114 2361 sabb.
1150 2316 1217 2370 19,
1244 2317 1287 2358 2:
1320 2316 1530 2362 τάττεται
1561 2314 1610 2361 δὲ
1641 2316 1717 2362 ἐπὶ
1745 2320 1831 2361 τῶν
1859 2332 2012 2375 παρα-

300 2389 521 2433 παιόντων
551 2389 620 2433 καὶ
649 2390 903 2445 μεμηνότων.
938 2388 1023 2432 Sed
1055 2387 1241 2431 sortasse
1268 2387 1466 2431 hocloco
1489 2402 1594 2430 vera
1616 2394 1682 2430 est
1701 2386 2014 2445 intorpretatiO,

298 2473 409 2516 quae
442 2458 604 2516 legitur
635 2461 679 2502 in
713 2461 838 2517 Corp.
871 2460 1000 2516 glosa.
1034 2460 1175 2503 Latin.
1208 2459 1290 2509 ΙΙΙ,
1323 2474 1361 2516 p.
1393 2459 1493 2515 562,
1527 2460 1582 2501 12
1613 2458 1768 2503 Goetz:
1799 2457 2015 2502 embol-os·

299 2530 493 2586 gravida.
525 2529 842 2588 Colloquuntur
873 2531 986 2574 duae
1028 2545 1248 2589 personae,
1289 2544 1470 2588 quarum
1504 2529 1644 2573 altera
1673 2529 1730 2573 ad
1771 2529 1908 2573 verba
1936 2531 2016 2576 οὑκ

301 2600 494 2661 ἔμβαρος
526 2616 625 2645 oum
658 2602 860 2645 irrisione
892 2602 1126 2660 respondet
1155 2601 1264 2644 illud
1298 2601 1494 2661 ἕμβαρος
1518 2616 1615 2645 esse
1638 2602 1890 2663 ἀρχαῖςμόν.
1923 2598 2014 2646 Cfr.

300 2673 375 2716 Ar.
408 2672 519 2715 Nub.
553 2673 657 2717 821:
689 2678 870 2732 φρονεῖς
899 2673 1102 2735 ἀρχαικά.
1135 2674 1240 2718 984:
1272 2673 1439 2734 ἀρχαῖά
1468 2691 1523 2731 γε
1554 2674 1624 2719 καὶ
1653 2670 1903 2727 διπολιώδη.

443 2745 596 2782 Lemma
621 2746 706 2782 add.
733 2746 823 2792 Pap.
849 2765 894 2771 —
922 2746 953 2781 1,
983 2745 1050 2781 οὐκ
1073 2742 1240 2792 ἔμβαρος.
1270 2764 1311 2770 -
1339 2744 1378 2780 τί
1401 2742 1523 2790 Kook]
1549 2741 1785 2790 οὐκέμβαρον.
1810 2745 1843 2779 εἰ
1865 2743 1947 2781 eod.
1966 2761 2013 2770 -

300 2805 334 2841 2.
362 2804 557 2854 ἀρχαῖςμός
585 2801 694 2851 Pap]
719 2804 915 2853 ἀρχαϊσμὸν
940 2801 1020 2842 οοᾶζ

1126 2876 1191 2920 12.

586 2961 666 3005 τὸν
696 2958 850 3017 ἄμητα,
883 2958 1111 3018 Χαιριππ’,
1143 2962 1220 3005 οὐκ
1250 2962 1296 3005 ἐς
1333 2956 1477 3004 Ἅιδου
1506 2959 1734 3015 πέμπετες

588 3031 631 3075 Β.
662 3029 742 3076 τίν’
775 3029 900 3087 ἄμητ’
933 3034 979 3075 ἐν
1017 3029 1160 3076 Ἅιδου
1190 3029 1467 3090 προςὸοκᾷς.·
