2280 3626
0 988 14 1031 ³⁷³¹.
0 891 19 967 ”79³3ss
0 718 18 882 *·⁷‘⁸'s-·3'*=-[··¹‹s.-
0 628 16 685 T'1.''‘'
0 543 19 614 χιιξμτ.
0 513 1 517 ⁴
2 451 3 454 „

26 1019 27 1023 „
20 968 29 973 a
22 915 23 918 „
21 627 43 794 &⁸⁴³²

258 216 361 266 [8⁶9]
858 236 1180 263 summanum-uu
1200 237 1382 264 comem:
1913 222 1972 266 55

257 334 635 418 logfifflfbpectare
678 360 856 404 videtur
900 361 1044 406 Schol.
1092 362 1276 405 Lucian.
1308 363 1400 405 Iov.
1430 363 1561 419 Trag.
1591 365 1669 407 48:
1717 363 1973 424 Μένανδρος

258 430 461 478 ἄστικτον
490 433 655 493 χωρίον
685 431 828 478 εἰώθει
858 435 1003 490 λέγειν
1031 436 1087 479 τὸ
1119 433 1480 492 ἀνεπιδάνειστον,
1510 435 1629 478 unde
1650 435 1763 479 Men.
1795 435 1848 481 fr.
1870 437 1971 480 968.

257 503 552 560 exscripserat
582 503 726 547 Koek.
757 503 847 547 Cfr.
879 504 984 546 Hes.
1015 504 1217 550 ἄστικτον
1245 507 1302 550 τὸ
1332 507 1569 565 ἀνέπαφον
1590 509 1764 567 χωρίον,
1795 510 1851 553 τὸ
1879 507 1972 566 γὰρ

197 571 203 577 ’
258 577 540 632 ὑποκειμενον
570 573 775 636 ἐστίχθαι
814 577 1013 633 ἐλέγετο.
1045 601 1104 607 -
1136 575 1298 620 Pollae.
1331 577 1373 630 3,
1404 577 1478 619 85:
1518 576 1653 623 λίθος
1692 578 1743 632 ἦν
1783 578 1808 632 ἢ
1839 579 1972 632 στήλη

258 663 327 692 ‘nc
356 643 557 699 δηλοῦσα,
589 648 648 692 ὡσ
679 647 794 692 ἔστιν
823 647 1058 707 ὑπόχρεων
1086 665 1167 692 τινι
1203 649 1259 692 τὸ
1290 649 1464 708 χωρίον,
1497 649 1574 693 ἐπὶ
1603 647 1652 693 δὲ
1681 650 1843 695 τούτου
1873 651 1972 695 ἐλέ-

257 734 368 774 γετο
399 715 603 778 ἐστίχθαι
633 719 689 762 τὸ
719 718 893 778 χωρίον,
923 720 981 763 ὡσ
1008 720 1064 763 τὸ
1095 719 1290 764 ἐναντίον
1321 718 1534 764 ἄστικτον.
1578 719 1835 776 Harpocrat.
1865 720 1901 774 Ι,
1932 736 1972 778 p.

258 787 330 843 62,
362 789 421 831 14
454 787 604 832 Dind.:
638 788 841 834 ἄστικτον
879 790 1053 850 χωρίον·
1100 791 1155 835 τὸ
1195 790 1252 846 μὴ
1298 791 1578 847 ὑποκείμενον
1623 789 1831 850 δανειστῇ·
1864 793 1974 837 ὅταν

257 858 349 918 γὰρ
380 861 632 917 ὑποκέηται,
664 858 818 905 εἴωθεν
857 863 883 905 ὁ
914 859 1109 906 δανείσασ
1138 863 1247 906 αὐτὸ
1288 865 1422 907 τοῦτο
1462 860 1620 915 δηλοῦν
1662 861 1730 907 διὰ
1770 863 1972 921 γραμμά-

258 947 345 976 των
375 932 575 976 ἐπόντων
604 935 668 991 τῷ
697 932 854 992 χωρίῳ,
885 933 941 977 τὸ
971 929 1010 976 δ’
1042 934 1151 977 αὐτὸ
1180 933 1251 978 καὶ
1281 931 1355 977 ἐπ’
1387 934 1522 978 οἱκίασ
1542 951 1721 990 γινεται.
1752 932 1908 979 Λυσίασ
1928 937 1974 979 ἐν

258 1005 322 1062 τῷ
350 1003 472 1061 πρὸς
501 999 701 1062 Αἰσχίνην
731 1004 812 1047 τὸν
841 1001 1127 1061 Σωκρατικόν.

403 1075 436 1110 2.
462 1071 503 1112 εἶ,
530 1071 568 1114 νὴ
593 1072 728 1119 Reitz.]
757 1071 796 1116 ἦν
820 1073 841 1115 ἢ
865 1075 912 1111 A.
942 1094 983 1099 —
1010 1074 1045 1111 3.
1069 1074 1180 1120 τρισίν
1204 1089 1248 1120 ’γε
1286 1077 1395 1112 metri
1430 1088 1543 1112 causa
1580 1075 1712 1121 ReitzJ
1750 1076 1886 1122 τρισίγε
1921 1077 1969 1113 A.

260 1132 361 1177 Quid
384 1133 477 1170 haec
501 1134 617 1170 verba
642 1134 862 1181 significent,
886 1134 998 1170 hodie
1022 1135 1184 1181 perspici
1199 1147 1275 1171 non
1299 1139 1434 1182 potest.
1458 1135 1635 1172 Fortasse
1660 1136 1973 1172 subaudiendum:

261 1190 513 1229 κάλλιστον...
539 1193 575 1227 ἐν
598 1196 679 1227 τοῖι-
702 1193 813 1238 τριςίν
836 1206 880 1238 γε
906 1194 1030 1228 καλοῖς
1052 1193 1212 1241 χωρίοις,
1237 1206 1335 1240 quae
1358 1195 1432 1230 iam
1450 1199 1560 1231 antea
1585 1199 1870 1231 commemorata
1893 1207 1974 1232 esse

259 1251 447 1289 videntur.

1097 1313 1136 1354 2.

619 1393 823 1453 ἅγγαροσ
853 1394 1061 1454 ὄλεθροσ.
1094 1394 1226 1448 ἡδέωσ
1256 1395 1309 1440 ἅν
1336 1414 1408 1453 μοι
1437 1394 1549 1441 δοκῶ

618 1467 732 1522 ὅμως
760 1464 1009 1511 πεπονθὼσ
1037 1471 1178 1511 ταῦτα
1210 1470 1281 1512 νῦν
1308 1467 1472 1520 ταύτην
1502 1468 1628 1528 ἔχειν.

405 1547 528 1591 Phot.
559 1547 704 1591 Berol.
747 1550 816 1606 11,
848 1551 894 1592 6:
936 1537 1141 1607 ἇγγαροῖ·
1174 1552 1217 1595 οἱ
1256 1553 1304 1595 ἐκ
1342 1549 1549 1611 διαδοχῆσ
1590 1554 1972 1611 γραμματοφόροι.

261 1621 305 1664 οἱ
349 1618 398 1664 δὲ
442 1620 567 1665 αὐτοὶ
596 1621 667 1665 καὶ
697 1619 914 1666 ἁστάνδαι.
954 1620 1011 1666 τὰ
1058 1619 1106 1665 δὲ
1151 1623 1346 1677 ὀνόματα
1391 1621 1598 1679 περσικά.
1614 1658 1623 1666 .
1639 1658 1649 1667 .
1695 1621 1871 1668 τίθεται
1915 1626 1971 1668 τὸ

262 1690 400 1747 ὄνομα
429 1691 500 1735 καὶ
529 1691 605 1736 ἐπὶ
634 1695 722 1736 τῶν
752 1696 991 1750 φορτηγῶν
1019 1692 1090 1737 καῖ
1128 1694 1242 1737 ὄλωσ
1270 1697 1357 1737 τῶν
1387 1691 1659 1746 ἀναισθήτων
1698 1695 1767 1739 καὶ
1808 1693 1970 1754 ἀνδρα-

261 1759 542 1807 ποδωδῶν...
592 1761 998 1821 Μένανδροσ...
1046 1766 1093 1808 ἐν
1137 1761 1439 1822 Προγαμοῦντι
1485 1763 1699 1822 (sequitur
1746 1765 1797 1808 fr.
1839 1767 1867 1808 9
1911 1765 1971 1822 D)

261 1833 406 1878 ...καὶ
441 1835 487 1878 ἐν
521 1830 688 1878 Θαΐδι
731 1837 757 1878 ὀ
801 1834 1021 1893 ἀκρατήσ·,
1062 1834 1321 1893 ἅγγαροσ
1350 1833 1458 1880 κτλ.’
1492 1860 1546 1866 -—
1581 1834 1669 1878 Ofr.
1701 1835 1867 1894 Phryn.
1899 1838 1970 1892 21,

263 1903 320 1947 12
353 1904 472 1947 Borr.
505 1903 635 1959 (Plat.
667 1905 721 1946 fr.
753 1906 841 1948 376
873 1905 950 1958 K):
994 1903 1190 1963 ὄλεθρος
1226 1904 1481 1964 ἅνθρωποσ.
1516 1908 1586 1949 Ar.
1618 1907 1722 1964 Lys.
1755 1907 1860 1950 235:
1890 1926 1968 1964 γε-

261 1976 428 2032 ρόντων
457 1973 673 2034 ὀλέθρων.
706 1976 890 2018 Luciam.
923 1976 1038 2020 Dial.
1060 1984 1181 2019 mort.
1204 1978 1244 2032 9,
1265 1978 1309 2019 4:
1342 1975 1520 2037 ὀλέθρῳ
1550 1979 1631 2022 τινὶ
1662 1976 1898 2039 ἀνθρώπῳ.
1914 2003 1968 2009 -

262 2045 332 2088 De
362 2047 476 2102 ὄμωσ
505 2060 541 2088 c.
573 2048 933 2105 part.=xa1'·1rep
963 2046 1043 2090 cfr.
1075 2049 1147 2090 Ar.
1176 2046 1280 2104 Lys.
1302 2048 1474 2090 5276.—
1492 2047 1623 2105 Soph.
1654 2047 1808 2092 Trach.
1842 2050 1970 2092 1105.

406 2117 443 2152 ἐν
467 2113 574 2153 Θαΐδι
599 2116 621 2152 ὁ
646 2117 805 2163 &xpm-vic
837 2117 1000 2163 Wilam.]
1035 2116 1124 2153 ἔνθα
1157 2117 1229 2164 ἰδίῳ
1263 2117 1423 2163 ἀκρατής
1447 2118 1511 2153 ab.
1539 2138 1582 2143 —
1610 2120 1643 2154 2.
1678 2118 1773 2167 ἔχειν
1804 2118 1969 2165 Wilam]

263 2173 340 2224 ἔχει
364 2175 433 2212 ab.

1096 2238 1135 2280 3.

1005 2322 1224 2365 ἀναπετῶ.

407 2398 532 2443 Phot.
556 2400 699 2444 Berol.
723 2403 820 2454 118,
846 2404 885 2444 1:
918 2404 1136 2447 ἁναπετῶ·
1159 2402 1428 2447 ἀναπετάσω.
1462 2401 1515 2447 M
1522 2404 1547 2447 ε’
1556 2422 1578 2447 ν
1588 2421 1616 2448 α
1629 2402 1689 2448 νδ
1696 2421 1725 2461 ρ
1736 2422 1761 2448 ο
1774 2422 1798 2448 c
1832 2402 1874 2449 Θ
1885 2422 1907 2449 ε
1917 2422 1967 2450 ο·-

265 2471 604 2531 φορουμένῃ.
647 2471 738 2516 Ofr.
780 2473 933 2525 Zonar,
976 2474 1074 2517 204.
1117 2471 1235 2516 Suid.
1268 2488 1299 2515 s.
1331 2489 1371 2515 v.
1414 2475 1632 2519 ἀναπετῶ.
1681 2475 1794 2517 Men.
1826 2474 1877 2517 fr.
1909 2475 1966 2517 26

264 2548 308 2584 nt
336 2542 424 2585 458
456 2542 511 2584 K.

1095 2616 1134 2657 4.

1107 2696 1327 2743 ἑκκαίδεκα

761 2765 897 2812 κεΐνθ’
929 2767 1084 2824 ἁμίδεσ.

408 2848 531 2891 Phot.
565 2848 701 2892 Berol.
734 2850 803 2899 91,
837 2851 910 2893 25:
942 2849 1080 2907 ἀμίδα·
1101 2850 1281 2896 δασέως.
1296 2884 1328 2896 ..
1360 2852 1430 2896 καῖ
1449 2854 1562 2897 ὄλωσ
1583 2855 1638 2911 τῇ
1658 2851 1802 2911 δασειᾳ
1823 2870 1964 2910 προσ-

267 2919 369 2981 ῳδίᾳ
400 2920 620 2980 χαίρουσιν
650 2923 692 2965 οἱ
735 2917 927 2984 Ἀ-ττικοιζ
967 2922 1036 2966 καὶ
1075 2921 1201 2979 παρὰ
1249 2920 1557 2983 Μενάνδρῳ
1601 2924 1777 2979 λέγεται
1822 2926 1867 2967 ἐν
1912 2926 1967 2981 τῇ

270 2988 538 3049 Θετταλῇ
569 2989 637 3035 διὰ
669 2994 751 3036 τοῦ
779 2989 817 3036 θ
847 2993 872 3044 ἠ
903 2992 1138 3050 συναλοιφὴ
1169 2992 1290 3045 αὕτη·
1320 2992 1631 3043 ,ἐκκαιδεκα
1662 2991 1767 3037 κτλ.’
1790 3018 1847 3023 -
1876 2992 1965 3036 cfr.

267 3061 420 3118 Eupol.
452 3059 505 3104 fr.
536 3062 564 3102 4
597 3061 652 3117 D,
684 3060 898 3119 Aristoph.
931 3060 982 3104 fr.
1012 3063 1067 3119 44
1102 3062 1156 3105 D.

1923 3146 1967 3181 ὃ*
