2280 3626
287 207 402 261 31813]
894 229 1213 257 suvvnmssrux
1234 229 1415 258 comem(
1977 218 2006 259 9

300 349 350 399 Ε
369 321 540 413 quibus
561 354 809 413 Apollodori
840 369 1017 398 versum
1049 355 1214 398 elicuit:

587 453 614 495 ὀ
642 448 828 507 μῦθός
865 453 1027 507 ε’ςμεν
1058 448 1297 509 Πάμφιλ’
1329 449 1426 504 ἤδη
1455 456 1631 509 γραῦς
1659 454 1838 511 γε’ρων

298 529 375 565 aut

585 596 611 638 ὁ
641 590 786 650 μῦθός
820 596 943 649 ἐςμεν
972 591 1024 646 δὴ
1053 594 1194 651 γέρων
1223 596 1362 651 γραῦς
1392 590 1591 652 Πάμφιλε

297 698 587 758 (improbante
619 699 855 742 Wessnero
887 698 1053 756 Bphw.
1086 699 1214 753 1906,
1247 700 1271 742 '1
1275 699 1343 742 68.
1384 706 1561 757 propter
1595 700 1876 743 mutationem
1916 703 2005 745 vio-

297 768 544 827 lentiorem)
573 777 649 815 aut
679 778 818 813 metro
852 769 1072 813 trochaico
1113 778 1160 811 ut
1191 770 1306 828 apud
1349 770 1620 813 Terentium:
1662 775 2000 825 <παντελῶς>

291 844 325 888 ὀ
352 840 496 899 μῦθός
525 844 648 899 ε’ςμεν
678 840 731 895 δὴ
761 842 904 900 γέρων
933 845 1073 900 γραῦς
1103 839 1305 900 Πάμφιλε
1333 841 1405 884 vel
1438 845 1778 894 <παντελῶς>
1806 846 1832 887 ὀ
1860 842 2004 900 μῦθός

297 916 419 971 ἐςμεν
447 910 637 972 Πάμφιλ’
670 911 748 967 ἤδη
783 917 924 971 γραῦς
952 914 1093 971 γέρων
1111 913 1138 954 i.
1171 927 1206 955 e.
1228 928 1253 955 ο
1275 912 1508 970 Pamphile,
1538 927 1620 970 ego
1641 921 1684 956 et
1702 912 1896 956 Sostrata
1913 914 2002 957 iam

296 998 448 1027 numus
478 983 629 1026 fabula
659 983 737 1026 illa
773 998 935 1040 „senex
964 991 1093 1040 atque
1123 983 1258 1026 anus“
1293 984 1388 1027 sive
1423 999 1499 1041 „eo
1529 985 1618 1027 iam
1638 999 1716 1042 per
1734 991 2001 1028 senectutem

297 1054 566 1108 devenimus,
596 1062 644 1098 ut
675 1055 814 1097 simus
844 1054 996 1097 fabula
1027 1054 1114 1110 illa,
1145 1069 1255 1112 quae
1286 1055 1456 1112 incipit:
1501 1070 1664 1112 „senex
1693 1062 1821 1113 atque
1851 1057 2001 1099 anus“.

295 1125 359 1170 Ut
388 1125 632 1185 asyndeton
664 1130 805 1185 γραῦς
832 1128 975 1184 γέρων
1004 1125 1194 1181 tollatur,
1234 1127 1374 1184 possis
1405 1141 1483 1184 pro
1508 1125 1708 1186 Πάμφιλε
1727 1126 1904 1170 brevius
1926 1127 1999 1169 ali-

296 1196 413 1254 quod
443 1211 602 1240 nomen
631 1197 907 1249 substituere,
937 1197 1013 1239 sed
1044 1204 1164 1240 vetat
1193 1197 1435 1252 Terentius,
1479 1198 1555 1255 qui
1593 1213 1753 1241 nomen
1783 1198 2000 1257 Pamphili

296 1282 355 1311 ox
382 1267 645 1325 Apollodoro
677 1269 910 1325 sumpserit
940 1282 1118 1311 necesse
1149 1276 1224 1310 est.
1256 1268 1372 1321 Quid
1406 1268 1487 1312 sub
1509 1270 1655 1312 verbis
1675 1270 1839 1326 primae
1858 1269 2000 1312 lineae

296 1337 441 1393 lateat,
471 1354 558 1381 non
587 1346 729 1396 potest
759 1339 872 1393 erui3
921 1339 1058 1383 verba
1089 1338 1198 1399 Παρ’
1245 1338 1561 1401 Ἀπολλοδώρῳ
1590 1341 1725 1384 fuisse
1755 1342 2001 1399 suspicatur

296 1409 497 1463 Warren,
528 1410 605 1453 sed
636 1410 747 1453 nihil
780 1412 889 1454 eerti
922 1412 1050 1454 statui
1091 1418 1241 1468 potest.
1285 1412 1338 1454 In
1379 1411 1464 1454 fine
1503 1411 1804 1469 praecedentis
1845 1427 2001 1456 versus

296 1481 431 1524 fuisse
460 1481 635 1524 videtur
666 1484 721 1527 τὸ
752 1481 801 1527 δὲ
831 1484 977 1541 πέρας
1006 1490 1053 1524 ut
1086 1482 1334 1540 Apollodori
1366 1484 1459 1528 Car.
1493 1483 1546 1526 fr.
1579 1483 1647 1536 13,
1682 1484 1737 1526 13
1767 1484 1821 1526 K.

910 1660 1390 1704 APOLLOPHANES.

1128 1757 1165 1798 l.

639 1847 908 1903 Ἀςκληπιός,
941 1849 1149 1908 Κύννειος,
1195 1849 1466 1910 Ἀφρόδιτος,
1505 1849 1666 1912 Τύχων.

436 1955 585 1998 Lexic.
607 1955 797 2000 Sabbait.
820 1958 859 2011 3,
884 1958 928 2000 6:
954 1963 1005 2007 <
1025 1955 1294 2016 Ἀφρόδιτος,
1316 1962 1342 2003 ὁ
1373 1956 1728 2017 Ἑρμαφρόδιτος.
1751 1960 1996 2018 παραπλή-

294 2044 372 2072 ςιοι
393 2025 441 2071 δὲ
460 2027 602 2087 τούτῳ
622 2027 750 2073 ἄλλοι
772 2027 979 2084 δαίμονες,
1012 2026 1245 2086 Ὀρθάνης,
1275 2027 1544 2087 Πρίαπος,>
1565 2029 1621 2074 ὦν
1640 2031 1709 2075 καὶ
1737 2028 1994 2088 Ἀριςτοφά-

294 2115 367 2151 νης
385 2099 587 2154 μέμνηται
615 2096 805 2157 Ἤρωςιν.
843 2097 1280 2158 Ἀπολλοφάνης
1301 2098 1517 2158 Κρηςίν·
1541 2137 1551 2151 ,
1569 2099 1864 2154 Ἀςκληπιός
1883 2099 1993 2146 κτλ.’

296 2166 576 2227 Φερεκράτης
605 2168 677 2226 (fr.
710 2170 765 2213 13
797 2169 871 2226 D)'
906 2169 1010 2220 ,οὐδ’
1042 2174 1102 2216 εἰς
1146 2169 1347 2229 Ἐταιρας
1379 2170 1468 2217 οὐδ’
1493 2170 1758 2231 Ἀφροδίτου
1776 2171 1993 2218 wahren?

291 2237 422 2282 Unde
453 2239 666 2298 Hesychii
696 2240 843 2297 glossa
886 2241 1130 2299 (Apolloph.
1163 2242 1215 2285 fr.
1249 2244 1273 2284 7
1307 2242 1366 2299 K)
1398 2242 1591 2300 suppleri
1636 2250 1788 2300 potest,
1832 2244 1878 2285 in
1909 2258 1994 2300 qua

291 2308 469 2366 legitur:
498 2308 602 2356 360?
622 2310 794 2365 ξενικοί·
816 2312 942 2370 παρὰ
967 2311 1214 2366 Ἀθηναίοις
1233 2318 1444 2370 τιμῶνται,
1467 2314 1542 2359 οὓς
1570 2316 1801 2371 καταλέγει
1824 2312 1993 2359 Ἀπολ-

291 2380 490 2440 λοφάνης
519 2384 566 2426 ἐν
595 2379 762 2440 Κρηςίν.
795 2408 854 2413 -
888 2382 974 2427 Cfr.
1008 2383 1126 2426 Phot.
1158 2382 1366 2430 Κύννειος·
1401 2383 1631 2430 Ἀπόλλων
1664 2383 1888 2439 Ἀθήνηςιν
1917 2386 1992 2430 οὖ-

290 2469 377 2497 τως
405 2454 653 2509 λεγόμενος,
689 2454 740 2498 ὂν
773 2452 973 2512 ἱδρύςατο
1015 2453 1151 2508 Κύνης
1184 2454 1466 2501 Ἀπόλλωνος
1505 2457 1573 2501 καὶ
1613 2454 1863 2514 Παρνηὸίας
1895 2457 1992 2512 νύμ-

293 2528 393 2581 φης.
427 2522 530 2565 Hes.
568 2521 731 2584 Τύχων·
769 2526 870 2570 ἔνιοι
900 2528 980 2570 τὸν
1024 2524 1189 2584 Ἐρμῆν,
1223 2526 1356 2572 ἄλλοι
1386 2525 1435 2572 δὲ
1463 2529 1543 2572 τὸν
1582 2528 1687 2586 περὶ
1718 2525 1990 2586 Ἀφροδίτην.

291 2591 471 2636 Diodor.
500 2594 543 2649 4,
573 2594 619 2637 6:
649 2599 811 2641 τοῦτον
842 2599 922 2641 τὸν
951 2595 1063 2642 ,θεὸν
1092 2597 1334 2655 (Priapum)
1353 2599 1467 2643 τινὲς
1494 2599 1570 2655 μὲν
1593 2596 1860 2657 Ἰθύφαλλον
1889 2603 1990 2644 ὀνο-

290 2660 477 2719 μάζουςι,
508 2665 621 2709 τινὲς
651 2664 700 2710 δὲ
740 2664 933 2727 Τύχωνα.
965 2667 1105 2712 strab.
1140 2670 1206 2718 13,
1238 2684 1277 2725 p.
1299 2669 1404 2712 588:
1435 2668 1534 2714 οὐδὲ
1563 2669 1652 2727 γὰρ
1698 2668 1885 2715 Ἠςίοδος
1903 2668 1992 2714 οἶδε

293 2731 506 2792 Πρίαπον,
539 2733 638 2780 ἀλλ’
673 2737 783 2782 ἔοικε
823 2742 917 2784 τοῖς
951 2737 1160 2785 Ἀττικοῖς
1193 2737 1397 2799 Ὀρθάνῃ
1437 2741 1505 2785 καὶ
1545 2738 1762 2801 Κονιςάλῳ
1802 2741 1870 2785 καὶ
1907 2738 1989 2785 Τύ-

291 2823 394 2865 χωνι
425 2805 494 2850 καὶ
523 2809 617 2850 τοῖς
648 2808 875 2853 τοιούτοις.
908 2834 964 2840 -
998 2812 1068 2852 Ar.
1099 2810 1152 2853 fr.
1184 2811 1270 2853 702
1301 2811 1357 2854 K.

434 2876 555 2912 Verba
589 2873 804 2921 Ἁφρόδιτος
841 2891 958 2926 usque
984 2882 1030 2916 ad
1056 2879 1216 2926 Πρίαπος
1242 2884 1360 2929 suppl.
1388 2883 1575 2929 Papadop.
1602 2895 1645 2919 ex
1671 2883 1786 2918 Bokk.
1813 2883 1883 2917 An.
1908 2880 1989 2925 472,

290 2934 338 2970 24
362 2940 399 2971 et
423 2935 573 2971 Bachm.
611 2935 683 2971 An.
711 2937 739 2980 1,
765 2949 800 2983 p.
829 2936 910 2983 178,
936 2938 990 2974 16.
1019 2959 1060 2964 -
1090 2938 1247 2975 Κύννειος
1280 2940 1381 2988 Pap]
1419 2940 1557 2976 Κύννιος
1590 2943 1689 2981 cod-3
1724 2940 1855 2975 κύνειος
1888 2941 1989 2975 malit

288 2995 421 3041 Blayd·
447 2995 543 3030 Adv.
569 2994 616 3035 ΙΙ,
641 2993 723 3039 347,
750 3001 788 3031 at
814 2997 879 3032 cfr.
906 2997 999 3034 CIG.
1026 3000 1086 3043 IV,
1112 3011 1147 3044 p.
1173 2999 1217 3033 51
1252 2998 1303 3043 (n.
1328 2999 1427 3043 363):
1471 2998 1698 3035 Ἀπόλλωνος
1724 2998 1987 3037 Κνννεί<ου>.
