2280 3626
266 203 372 252 1⁸2⁹]
866 220 1186 269 summum-rou
1208 219 1389 247 concon
1900 205 1990 248 125

419 346 444 400 ἣ
475 347 588 392 κυεῖν
619 345 958 401 Μολοςςικοῖςίιν
989 345 1034 399 ἢ.
1048 379 1078 387 ..
1508 352 1575 402 7>

419 417 591 476 [ἥρεῂ
620 417 871 463 αἱκάλλοντι
901 417 1091 473 το[ῖ]ςι[ν
1122 417 1170 463 εὖ
1198 421 1389 463 ποιεῦςιν
1420 419 1628 475 εὑμενεῖς],

274 503 292 528 ⁶
417 491 446 534 ἀ
479 489 618 546 [γ]υνὰ
649 487 698 534 δὲ
726 491 807 534 τὸν
835 490 1065 548 τρέφοντα
1097 489 1295 546 [πρῶτον
1314 487 1497 533 εἷθίςται
1528 487 1702 544 ὃακεῖν].

1108 596 1149 638 4.

418 679 534 723 Stob.
566 680 683 723 Flor.
716 681 786 732 69,
820 681 893 723 17:
940 678 1226 741 Ἐπιχάρμου·

489 754 544 797 τὸ
575 750 624 796 δὲ
652 755 804 808 γαμεῖν
834 753 983 808 ὅμοιόν
1014 755 1102 796 ε’ςτι
1132 755 1194 811 τῷ
1223 752 1321 809 τρὶς
1351 751 1407 804 ἓξ
1438 750 1463 803 ἢ
1493 755 1613 809 τρεῖς
1643 753 1799 806 μόνους

491 825 586 868 ἀπὸ
617 823 755 884 τύχης
783 822 947 879 βαλεῖν·
980 823 1056 868 ἐὰν
1084 824 1162 880 μὲν
1190 822 1282 881 ’γὰρ
1311 821 1456 882 λάβῃς
1487 823 1756 879 τεταγμένην

0 886 33 964 Ξ
489 899 585 940 τοῖς
614 897 806 953 τρόποις
834 895 904 940 καὶ
935 893 1066 939 τᾶλλ’
1098 893 1286 945 ἄλυπον,
1318 897 1418 939 εὐτυ
1417 894 1563 954 χήςεις
1592 897 1655 953 τῷ
1684 892 1822 953 γάμῳ·

0 963 25 1027 ξ
491 969 528 1011 εἰ
557 965 606 1011 δὲ
636 967 706 1011 καὶ
736 964 979 1024 φιλὲξοδόν
1007 984 1060 1010 τε
1089 966 1159 1011 καὶ
1187 965 1329 1011 λάλον
1358 966 1429 1011 καὶ
1458 964 1638 1024 δαφιλῆ,

347 1050 366 1075 8
493 1040 544 1083 οὑ
572 1035 743 1098 γυναῖχ’
775 1037 904 1091 ἔξεις,
937 1036 1005 1082 διὰ
1035 1036 1136 1093 βίου
1165 1035 1204 1082 δ’
1237 1038 1420 1098 ἀτυχίαν
1451 1038 1756 1094 κοςμουμένοινι

420 1121 454 1157 1.
479 1122 538 1157 De
562 1122 635 1157 inis
659 1120 739 1166 τρὶς
763 1119 862 1163 ἓξ...
888 1118 1012 1162 βαλεῖν
1037 1122 1084 1157 de
1107 1122 1267 1157 talorum
1283 1121 1384 1157 iaetu
1400 1121 1511 1157 dietis
1536 1121 1603 1156 cfr.
1629 1121 1765 1156 Aeseh.
1792 1121 1882 1166 Ag.:
1907 1118 1987 1163 τρὶς

278 1179 325 1224 ἓξ
343 1178 523 1223 βαλούσης
545 1178 644 1221 rico*
669 1180 745 1224 ἐμοὶ
778 1180 1021 1226 φρυκτωρίας.
1048 1198 1093 1205 --
1118 1181 1214 1216 Plat.
1250 1180 1341 1226 Leg.
1373 1180 1461 1225 ΧΠ,
1500 1193 1535 1227 p.
1562 1179 1633 1214 968
1658 1192 1695 1216 e:
1734 1178 1755 1220 ἢ
1779 1179 1861 1225 τρὶς
1886 1178 1988 1221 ἒξ...

278 1239 301 1281 ἢ
322 1243 422 1286 τρεῖς
446 1237 576 1283 κύβους
598 1237 810 1282 βάλλοντες.
838 1259 880 1265 -
907 1239 941 1276 4.
966 1252 1034 1286 pro
1066 1239 1134 1281 καὶ,
1160 1240 1261 1286 quod
1285 1251 1359 1276 non
1384 1240 1580 1275 ferendum
1618 1241 1776 1279 videtur⁷
1815 1239 1987 1274 Meineke

279 1300 524 1346 probabiliter
547 1298 582 1334 αἱ
608 1297 650 1334 δέ
672 1313 716 1334 κα
741 1300 977 1336 scribendum
1003 1300 1189 1346 proponit.

914 1395 1182 1450 Fragmenta
1213 1394 1358 1437 dubia.

1112 1480 1152 1521 ἵ).

423 1561 526 1604 Hes.
558 1564 1060 1619 ποτεκλεπτόμαν·
1105 1563 1507 1620 προςεπορευόμην.
1549 1560 1672 1618 („Ieh
1717 1560 1829 1604 stahl
1871 1560 1989 1604 mich

280 1631 441 1676 heran“
475 1634 606 1675 vertit
636 1634 693 1675 M.
725 1632 954 1689 Schmidt).
986 1633 1253 1689 Epicharmo
1284 1633 1438 1675 tribuit
1460 1633 1755 1676 Wilamowitz
1784 1633 1990 1688 (Hermes

282 1704 410 1754 1902,
440 1704 557 1757 325).

1114 1789 1153 1830 6.

422 1869 574 1913 Galen.
606 1872 711 1930 περὶ
741 1869 860 1930 διαφ.
893 1876 1096 1930 ςφυγμῶν
1126 1871 1174 1914 II
1204 1872 1249 1927 (t.
1280 1871 1407 1923 VIII
1441 1887 1478 1927 p.
1511 1872 1599 1913 632
1630 1870 1800 1926 Kuhn):
1856 1869 1988 1923 Αθη-

281 1943 413 1988 ναίοις
442 1943 557 2000 ὑπὲρ
589 1941 811 1999 ὀνομάτων
842 1946 1059 2003 ἐπιχειρεῖ
1086 1941 1343 1999 νομοθετεῖν

639 2015 667 2058 ἁ
701 2014 859 2059 κίςςα
890 2014 992 2059 τὰν
1022 2012 1264 2072 Σειρῆνα
1294 2016 1617 2071 μιμουμέια,

282 2084 350 2129 ἵνα
379 2085 529 2129 κίτταν
560 2085 756 2141 εἴπωμεν,
787 2085 843 2141 μὴ
873 2087 1048 2130 κολοιὸν
1077 2083 1183 2142 μηδὲ
1212 2087 1378 2143 κόρακα
1408 2083 1502 2142 μηδ’
1535 2084 1648 2130 ἄλλο
1678 2083 1807 2141 μηδὲν
1837 2083 1893 2128 ὧν
1923 2087 1988 2129 οἰ-

281 2156 502 2214 κειότερον
530 2154 582 2209 ἦν
602 2158 739 2202 εἰπεῖν
758 2158 839 2201 τὸν
859 2157 973 2202 οὕτω
992 2155 1171 2215 θρασύν.
1190 2182 1247 2187 -
1263 2156 1490 2199 Indicavit
1505 2155 1799 2198 Wilamowitz
1820 2155 1994 2213 (Herm-

284 2226 412 2281 1902,
442 2226 546 2282 325)
577 2234 753 2284 propter
782 2227 1019 2270 dialectum
1052 2227 1319 2285 Epicharmo
1350 2235 1424 2269 aut
1456 2226 1669 2283 Sophroni
1701 2226 1909 2269 tribuens.
1932 2252 1990 2258 —-

282 2297 370 2342 Cfr.
402 2298 478 2340 Ar.
510 2300 590 2341 Av.
626 2299 757 2342 1297:
789 2297 1033 2359 Συρακοςίῳ
1063 2298 1111 2343 δὲ
1141 2300 1279 2344 κίττα.

425 2368 520 2403 κίςςα
544 2367 709 2414 Wilam]
737 2369 842 2404 κίττα
867 2370 997 2406 Galen.

1009 2464 1254 2509 SOPHRO.

1118 2551 1154 2592 l.

402 2629 599 2673 'Scholia
631 2630 676 2671 in
708 2631 893 2688 Dionys.
922 2630 1109 2673 Thracis
1146 2639 1284 2674 artem
1315 2647 1453 2688 gram.
1486 2648 1525 2690 p.
1560 2633 1660 2686 290,
1694 2633 1750 2674 14
1785 2630 1988 2687 Hilgard:

283 2704 310 2745 ὁ
341 2699 455 2759 ,ἄρα’
488 2704 804 2759 ἑρωτηματικὸς
848 2703 904 2747 ὢν
933 2703 1099 2759 μηκύνει
1129 2705 1185 2747 τὸ
1216 2705 1264 2753 ii,
1309 2706 1633 2760 ςυλλογιςτικὸς
1673 2702 1721 2748 δὲ
1761 2701 1990 2763 βραχύνει·

283 2773 496 2829 τρέπεται
526 2771 575 2817 δὲ
606 2774 815 2831 ἑκατέρου
844 2775 900 2818 τὸ
931 2776 960 2819 α
997 2776 1057 2819 εἰς
1087 2775 1133 2831 ἦ,
1163 2776 1219 2820 τὸ
1239 2776 1315 2831 μὲν
1336 2777 1502 2833 μακρὸν
1531 2773 1641 2832 παρ’
1675 2772 1892 2819 Αἱολεῦςιν
1913 2773 1992 2817 οὖ-

283 2861 369 2888 τως
397 2842 610 2900 (sequitur
639 2844 855 2902 Sapphon.
887 2845 940 2888 fr.
975 2846 1060 2889 102
1091 2845 1241 2903 Bergk
1260 2847 1304 2902 ⁴)-

926 2915 1203 2932 ‘‘‘‘‘

284 2984 530 3045 Σώφρων
560 2986 686 3045 παρὰ
716 2984 927 3045 Δωριεῦςι.
960 3012 1014 3018 -
1049 2986 1271 3031 Indicavit
1311 2953 1607 3031 {vilamowitz
1649 2988 1816 3044 (Herm.
1862 2987 1995 3042 1902,

284 3056 400 3113 322).
432 3056 580 3100 Verba
611 3071 666 3099 ex
698 3058 831 3099 mimo
869 3056 949 3103 Ταὶ
980 3063 1276 3117 ςυναριςτῶςαι
1307 3058 1534 3117 (Sophron.
1562 3059 1612 3101 fr.
1639 3059 1812 3102 15—18
1845 3056 1998 3113 Kaib.)
