2280 3626
301 133 360 177 60
922 148 1096 176 mannas
1118 143 1378 176 nnuunowx
1914 129 2018 183 [θα]

302 275 395 334 γὰρ
426 274 742 334 ἐξαμαρτάνειν
786 278 917 322 πᾶσιν
956 273 1063 322 κτλ.’
1096 301 1152 307 -
1189 275 1419 320 Menandri
1467 290 1622 319 versus
1668 276 1847 333 agnovit
1893 274 2017 321 Blass

302 346 471 404 (Herm.
506 345 634 400 1900,
665 345 772 404 341)
803 345 947 390 collat.
979 346 1099 391 Suid.
1133 354 1176 391 et
1206 347 1362 392 Zonar.
1395 348 1638 409 ἀνατρέχω·
1682 345 2020 407 Μένανδρος

301 416 373 474 (fr.
404 418 494 462 993
524 418 585 474 Κ)
618 418 716 464 ἀντὶ
743 422 826 464 τοῦ
859 419 1041 464 ἀναλύω.
1075 417 1224 462 Verbo
1244 419 1444 466 ἀναλύειν
1464 418 1538 476 (--
1556 418 1811 463 satisfacere
1831 417 1886 463 de
1907 418 2018 462 iniu-

302 488 386 547 ria)
419 504 524 532 usus
555 498 622 533 est
653 490 785 533 etiam
819 489 1042 533 Demosth.
1073 490 1144 548 21,
1176 491 1275 534 275.
1307 515 1367 522 -
1398 489 1488 536 cfr.
1523 490 1636 533 Men.
1668 489 1720 533 fr.
1752 490 1841 535 448
1871 489 1928 534 K.
1959 514 2019 523 —

301 560 584 604 Adiectivnm
621 559 866 619 ἀξιολόγος
895 561 950 604 de
982 561 1078 604 viro
1099 560 1263 605 dietum
1286 561 1403 619 apud
1426 561 1718 605 Menandrum
1738 576 1825 604 non
1845 560 2021 618 legitur,

306 631 383 675 sed
415 632 567 675 tritum
602 640 677 680 est,
699 632 815 689 apud
849 632 1034 687 Atticos3
1066 631 1145 676 cfr.
1176 632 1314 677 Thuc.
1346 632 1405 687 11,
1439 634 1507 686 10,
1538 634 1584 687 3;
1615 632 1694 689 VI,
1726 634 1797 690 60,
1827 633 1872 688 2;
1902 631 2020 677 Xen.

304 703 422 747 Men.
453 703 536 758 111,
567 703 608 760 9,
641 704 679 747 3.

1131 800 1198 842 16.

665 896 723 940 ὡς
753 896 886 940 τοΐςιν
916 893 964 940 εὖ
996 898 1204 954 φρονοῦσι
1236 894 1456 956 ςύμμαχος
1484 894 1609 956 τύχη·

664 965 829 1011 ἅπαντι
862 964 1018 1023 δαίμων
1050 964 1175 1025 ἀνδρὶ
1204 966 1547 1024 ςυμπαρίςταται

665 1035 798 1083 εὐθὺς
827 1038 1044 1098 γενομένῳ
1073 1039 1358 1094 μυσταγωγὸς
1388 1041 1470 1083 τοῦ
1499 1035 1600 1094 βίου

665 1107 857 1166 ἀγαθός’
891 1110 1023 1154 κακὸν
1053 1108 1145 1168 γὰρ
1175 1107 1338 1166 δαίμον’
1370 1111 1422 1155 οὐ
1455 1110 1674 1166 νομιστέον

667 1180 770 1226 εἶιαι
801 1179 901 1237 βίον
931 1179 1204 1236 βλάπτοντα
1234 1178 1404 1234 θνητὸν
1433 1178 1523 1226 οὐδ’
1558 1181 1674 1241 ἔχειν

665 1252 826 1303 κακίαν,
860 1250 1042 1297 ἅπαντα
1073 1250 1111 1297 δ’
1145 1250 1325 1308 ἀγαθὸν
1355 1252 1459 1298 εἶναι
1489 1253 1570 1297 τὸν
1600 1250 1725 1298 θεόν.

668 1321 767 1368 ἀλλ’
800 1325 843 1368 οἱ
871 1325 1095 1381 γενόμενοι
1125 1327 1220 1369 τοῖς
1248 1325 1440 1382 τρόποις
1469 1324 1593 1369 αὐτοὶ
1623 1323 1759 1369 κακοί·

666 1394 841 1448 πολλὴν
873 1393 911 1440 δ’
946 1394 1194 1448 ἐπιπλοκὴν
1223 1398 1305 1440 τοῦ
1332 1392 1433 1451 ,Βίου
1463 1395 1750 1452 πεποιημένοι

674 1467 858 1518 <κα>ὶ
889 1465 1040 1511 πάντα
1071 1466 1152 1520 τὴν
1181 1468 1322 1512 αὐτῶν
1352 1464 1564 1522 ἀβουλίαν
1599 1466 1863 1525 <παρ>ὲκ

527 1550 560 1575 10
669 1538 915 1596 τρίψαντες
946 1538 1239 1597 ἀποφαίνουσι
1270 1535 1432 1595 δαιμον’
1464 1538 1602 1583 αἴτιον

670 1609 741 1654 καὶ
771 1611 903 1654 κακὸν
935 1611 1095 1655 ἐκεῖνόν
1125 1616 1256 1668 φαςιν
1287 1609 1411 1655 αὐτοὶ
1441 1610 1695 1666 γεγονότες.

454 1704 623 1747 Hauler
654 1705 840 1760 (Eranos
871 1704 1063 1748 Vindob.
1083 1720 1124 1762 p.
1154 1704 1260 1762 335)
1291 1705 1334 1747 in
1369 1703 1521 1747 codiee
1551 1703 1691 1747 Paris.
1714 1718 1777 1760 gr.
1809 1703 1911 1759 454,
1940 1717 2027 1762 quo

310 1776 515 1832 Origenis
547 1775 601 1818 de
636 1775 751 1819 Hiob
785 1774 897 1819 libro
929 1782 1176 1819 commenta
1217 1776 1509 1826 continentur,
1550 1774 1622 1818 fol.
1656 1776 1779 1819 1262
1818 1773 1928 1819 haee
1958 1774 2026 1818 in·

311 1849 451 1892 venit:
480 1851 694 1906 μαρτυρεῖ
719 1846 771 1893 δέ
796 1865 867 1905 μοι
899 1851 960 1908 τῷ
989 1849 1111 1908 λόγῳ
1147 1848 1252 1893 ὄςος
1293 1847 1529 1906 ὑποφήτης
1570 1845 1909 1904 Μένανδρος
1946 1848 2028 1904 ,ὥς

308 1923 463 1965 τοΐςι
481 1938 503 1964 ν
533 1916 644 1964 κτλ.’
677 1921 830 1964 οὐκοῦν
860 1917 956 1964 κατ’
990 1921 1124 1964 αὑτὸν
1154 1917 1331 1964 οὐδενὸς
1360 1922 1493 1964 κακοῦ
1513 1918 1653 1964 αἴτιος
1672 1921 1697 1964 ὁ
1717 1916 1843 1964 θεός.
1877 1917 1914 1961 Ε
1934 1918 2026 1976 qui-

310 1990 392 2034 bus
442 1989 640 2033 versibus
672 1993 758 2032 iam
789 1988 959 2048 pridem
992 1990 1292 2033 innotuerunt:
1325 2004 1366 2032 V.
1401 1990 1423 2031 l
1458 2004 1515 2032 ex
1557 1988 1784 2047 Euripidis
1826 1988 1879 2033 fr.
1924 1987 2026 2042 598,

311 2063 338 2106 3
371 2061 433 2104 Ν*
462 2069 505 2105 et
551 2076 665 2105 mon.
697 2062 797 2104 462.
830 2087 887 2093 —
921 2077 961 2105 v.
994 2062 1111 2104 2—6
1157 2062 1331 2104 omissis
1378 2060 1528 2105 verbis
1575 2059 1666 2107 οὐδ’
1716 2062 1832 2122 ἔχειν
1878 2061 2028 2107 κακίαν

310 2148 335 2176 e
368 2131 502 2177 Clem.
533 2131 659 2176 Alex.
691 2132 848 2178 Strom.
881 2133 935 2188 V,
982 2133 1049 2182 14,
1092 2134 1196 2188 1303
1229 2149 1268 2176 v.
1303 2133 1419 2175 2-5
1462 2147 1518 2176 ex
1561 2132 1719 2176 Euseb.
1764 2132 1917 2190 Praep.
1959 2147 2027 2182 ev,

311 2205 444 2261 XIII,
478 2206 551 2259 133
583 2220 625 2248 v.
658 2205 775 2248 2-3
807 2219 863 2247 ex
894 2204 1006 2247 Plut.
1039 2206 1141 2248 Mor.
1163 2205 1251 2247 474
1269 2203 1313 2260 b3
1346 2205 1561 2248 Ammiau.
1587 2203 1778 2248 Marcell.
1799 2202 1930 2254 XXI,
1954 2205 2028 2254 143

311 2277 427 2322 Stob.
459 2276 552 2319 Ecl.
584 2276 619 2332 I,
641 2277 668 2319 5
690 2276 769 2333 (4)3
803 2275 946 2320 Sellol.
976 2275 1157 2319 Theocr.
1191 2276 1248 2328 II,
1291 2276 1358 2319 28.
1391 2275 1480 2319 Cfr.
1515 2276 1626 2319 Men.
1661 2275 1712 2318 fr.
1743 2275 1939 2333 550s551
1974 2275 2029 2319 K.

458 2347 490 2382 1.
517 2346 699 2397 ςύμμαχος
723 2353 765 2384 ut
788 2346 1024 2393 μυσταγωγός
1050 2345 1147 2393 cod-J
1172 2350 1348 2396 ςυμμαχεῖ
1367 2348 1494 2395 Eurip.
1522 2353 1560 2384 et
1583 2359 1680 2384 mon.
1707 2347 1790 2383 462.
1810 2366 1852 2373 --
1868 2346 1903 2383 2.
1929 2344 2029 2394 ἀνδρὶ

314 2409 439 2445 omisit
463 2409 557 2453 eod„
583 2419 627 2444 ex
653 2407 767 2444 Clem.
794 2407 899 2444 Alex.
925 2411 963 2443 et
988 2407 1070 2444 aliis
1097 2408 1242 2443 addidit
1266 2407 1416 2443 Hauler.
1438 2426 1479 2431 —
1497 2406 1778 2453 cvmrape'emwt
1801 2407 1884 2444 eod.
1909 2411 1948 2444 et
1964 2406 2030 2444 ulii

311 2473 461 2515 praeter
486 2467 735 2512 Plutarchum,
773 2467 837 2513 qui
876 2469 1170 2511 συμπαραστατεῖ
1201 2466 1366 2511 exhibet3
1403 2464 1593 2503 Plutarchi
1632 2466 1827 2503 lectionem
1865 2464 2031 2513 praefert

313 2527 446 2574 Blayd.
474 2527 571 2563 Adv.
599 2524 655 2572 II,
682 2525 764 2562 222.
792 2545 834 2550 —
863 2523 1147 2570 3·μνςταγωγὸς
1172 2526 1267 2565 cod..
1293 2524 1368 2570 alii}
1395 2524 1628 2571 παιδαγωγός
1661 2526 1741 2562 sine
1775 2537 1888 2563 eausa
1918 2525 2031 2573 Bby·

315 2587 392 2623 des.
420 2605 461 2610 —
489 2585 521 2620 4.
550 2582 681 2629 δαίμον’
708 2585 751 2620 οὐ
780 2583 960 2629 νομιςτέον
984 2597 1027 2621 ex
1054 2584 1167 2622 Clem.
1201 2585 1261 2621 Al.
1287 2585 1453 2631 reposuit
1478 2582 1631 2630 Hauler]
1668 2583 1814 2629 δαίμονα
1846 2584 1891 2620 οὔ
1923 2596 2030 2630 νομα·

314 2644 418 2681 ςτέον
444 2646 524 2682 eod.
554 2664 595 2669 --
623 2644 657 2681 5.
682 2641 762 2686 βίον
787 2644 831 2679 οὐ
854 2641 1070 2686 βλάπτοντα
1096 2640 1191 2689 cod]
1218 2644 1261 2679 οὐ
1285 2656 1328 2681 ex
1348 2644 1601 2691 dittographia
1620 2649 1741 2681 ortum
1767 2645 1906 2681 delevit
1929 2643 2032 2681 Han·

314 2706 379 2741 ler.
407 2723 446 2729 -
477 2701 613 2745 θνητόν
638 2702 734 2749 cod-1
758 2702 917 2752 χρηστόν
942 2703 1055 2740 Clem.
1082 2704 1263 2750 probante
1287 2704 1455 2741 Usenero
1481 2703 1565 2749 (Rh.
1592 2704 1686 2740 Mus.
1716 2702 1818 2749 1900,
1844 2701 1942 2750 8³8),
1966 2703 2031 2751 qui

315 2765 431 2801 verba
455 2761 530 2799 οὐδ’
557 2762 652 2812 ἔχειν
676 2763 799 2798 κακίαν
823 2768 865 2799 ut
892 2763 1054 2810 ineptam
1081 2764 1320 2810 tautologiam
1347 2764 1455 2800 delet.
1486 2783 1523 2788 —
1554 2762 1588 2798 6.
1614 2761 1700 2798 εἶναι
1734 2761 1799 2798 τὸν
1833 2775 1878 2800 ex
1913 2762 2031 2804 dvm-

315 2823 400 2859 τέον
425 2828 640 2871 corruptum
666 2835 748 2860 esse
773 2827 881 2870 putat
907 2821 1056 2859 Palmer
1080 2822 1209 2867 (Class.
1248 2823 1399 2859 Review
1439 2822 1543 2868 1889,
1583 2821 1639 2865 24)
1680 2823 1760 2859 iure
1797 2822 2032 2869 improbante

316 2884 568 2921 Her-werdone
594 2881 761 2927 (collect.
790 2881 884 2925 169).
915 2902 953 2907 —
984 2882 1018 2918 9.
1046 2882 1100 2917 10.
1129 2881 1186 2918 καὶ
1210 2881 1330 2917 πάντα
1358 2902 1399 2907 -
1428 2880 1560 2926 δαίμον’
1587 2879 1743 2927 Ηιυὶοτ]
1768 2883 1801 2917 σι’
1822 2879 1942 2917 πάντα
1966 2877 2033 2923 τῆν

316 2941 454 2978 ἑαυτῶν
478 2939 653 2985 ἀβουλίαν
678 2941 925 2988 ὀκτρίψαντες
949 2942 983 2977 α’.
1011 2940 1156 2986 δαίμονα
1181 2943 1275 2983 eod-3
1300 2939 1379 2977 εἶτα
1405 2939 1447 2977 δι’
1473 2941 1611 2977 ἑαυτῶν
1634 2939 1699 2983 τὴν
1723 2938 1897 2983 ἀβουλίαν
1925 2945 2032 2979 <m-

316 3004 429 3040 κῶς>
457 3004 462 3044 Ι
484 3002 685 3048 τρίψαντες
710 3002 916 3048 Gomperz3
943 2998 1118 3043 ἀβουλίαν
1143 3002 1302 3040 ἑκ<εῒ>
1330 3002 1335 3044 l
1373 3001 1572 3047 τρίψαντες
1590 3002 1648 3038 vel
1675 3000 1733 3036 καὶ
1758 2997 1871 3036 πάνθ’
1896 2998 2033 3035 οάντῦν
