2280 3626
264 201 364 255 [ἥδ]
862 219 1182 247 mamm-run
1203 218 1383 247 comcuu
1910 206 1966 248 51

270 336 412 390 n6ti1‘i't
452 360 509 388 ex
548 345 694 404 Etym.
724 345 781 388 M.
811 344 913 396 411,
954 345 1011 388 35
1051 343 1122 401 (fr.
1155 344 1241 388 348
1274 343 1345 401 K).
1377 343 1495 388 Phot.
1528 344 1645 388 said.
1680 344 1885 405 ζήτρεων·
1915 349 1970 393 τὸ

269 421 356 464 τῶν
385 415 549 463 δούλων
578 416 873 475 κολαςτήριον.
906 414 1013 459 Poll.
1046 416 1086 467 3,
1118 416 1192 459 78:
1238 416 1304 461 ἴνα
1335 413 1594 470 κολάζονται
1625 420 1667 462 οἱ
1697 416 1856 468 δοῦλοι,
1887 437 1965 475 μυ-

267 491 401 535 λῶνες
430 489 501 534 καὶ
533 486 718 548 ζήτρεια.
735 513 795 519 -
812 487 917 530 Hes.
939 512 996 518 —
1019 485 1216 529 Eustath.
1249 487 1348 542 837,
1378 487 1447 529 44.
1468 512 1527 518 —
1549 486 1637 531 cfr.
1669 490 1739 531 Ar.
1761 488 1813 532 fr.
1836 490 1893 532 93
1914 489 1969 546 K,

267 558 429 616 Theop.
461 559 518 603 63
550 559 611 613 K3
642 557 846 601 Herodae
876 557 931 614 V,
961 558 1030 601 32.

407 630 441 666 1.
467 629 707 665 ἀποτέτιλται
729 627 864 674 Reitz]
890 627 964 664 ἀπὸ
987 628 1152 664 τέτιλται
1176 629 1223 664 A.
1249 629 1284 664 2.
1309 628 1427 663 αὐτῶν
1459 627 1479 662 ὁ
1511 628 1677 673 πέμπτος
1711 635 1885 677 corrupta
1915 632 1970 668 Vi-

268 691 404 728 demn-
425 690 592 727 Nauekio
618 689 714 733 (Mel.
739 689 802 735 Ἠ,
828 687 898 734 74).

1082 771 1152 814 20.

1229 855 1331 899 ὄςον

645 924 810 983 γένοιτ’
842 926 896 971 ἂν
926 928 1035 985 αὐτῇ
1063 924 1224 982 βελτίω
1252 925 1309 970 τὰ
1340 924 1598 984 πράγματα.

412 1021 560 1079 Etym.
591 1022 766 1079 genuin.
797 1023 833 1065 A
864 1021 1186 1075 (Reitzenstein,
1206 1019 1350 1063 Index
1385 1019 1518 1063 schol.
1539 1019 1740 1062 Rostoeh.
1775 1018 1966 1077 1890s91

267 1107 311 1150 p.
345 1093 406 1148 8):
438 1092 611 1150 βελτίω·
644 1091 864 1150 βελτίονα,
909 1091 1093 1149 βελτίοα
1123 1092 1192 1137 καὶ
1219 1091 1332 1137 κατὰ
1362 1094 1508 1150 κρᾶςιν
1537 1090 1710 1147 βελτίω,
1742 1093 1800 1136 ὡς
1829 1092 1967 1149 κρείς-

268 1182 385 1221 ςονα,
415 1165 623 1223 κρείςςοα,
653 1165 836 1223 κρείςςω.
884 1162 1136 1222 Ἡρωδιανὸς
1163 1163 1270 1221 περὶ
1298 1161 1473 1207 παθῶν.
1524 1160 1789 1208 Εὔπολις·
1823 1163 1969 1212 ,ὅςον

270 1233 379 1280 κτλ.’
411 1237 437 1289 ἠ
465 1237 509 1280 fi
539 1234 732 1291 ςυλλαβὴ
762 1234 964 1296 βραχεῖα,
997 1232 1107 1280 ὅθεν
1136 1235 1206 1279 καὶ
1235 1233 1302 1279 διὰ
1333 1237 1415 1279 τοῦ
1443 1243 1467 1278 ἰ.

611 1426 773 1483 ἄγαμαι
802 1427 1017 1484 κεραμέως
1047 1423 1235 1470 αἴθωνος
1266 1425 1622 1483 ε’ςτεφανωμένου.

409 1520 643 1564 Philetaer.
674 1520 814 1564 Vatic.
861 1519 1014 1577 (Colm,
1046 1518 1226 1562 RhMus.
1259 1519 1386 1574 1888,
1431 1520 1555 1572 415):
1602 1516 1764 1574 ἄγαμαι
1811 1536 1856 1563 ςε
1900 1518 1969 1562 καὶ

271 1591 442 1650 ἄγαμαί
466 1606 552 1638 ςου·
582 1594 637 1638 τὸ
667 1593 743 1649 μὲν
772 1590 888 1645 ἦθος
918 1593 1007 1652 ἔχει
1038 1592 1107 1636 καὶ
1137 1591 1360 1647 εἰρωνείαν,
1391 1592 1447 1635 τὸ
1468 1589 1637 1646 ἄγαμαί
1660 1607 1747 1634 ςου.
1783 1586 1966 1634 Εὔπο-

265 1666 295 1709 λ
314 1674 373 1709 ις·
406 1662 530 1720 ,ἄγα
538 1682 631 1721 μαι
661 1661 767 1709 ’σι-λ’.
798 1665 854 1708 τὸ
884 1661 932 1708 δὲ
963 1664 1142 1708 ἔπαινον
1172 1664 1228 1707 ὡς
1268 1660 1599 1722 ἀποδεχομένου
1628 1664 1709 1705 τοῦ
1738 1661 1965 1716 λε’·γοντος.

270 1735 426 1792 ὁμοίιος
454 1736 627 1792 λέγουςι
656 1735 798 1795 τούτῳ
827 1735 897 1779 καὶ
925 1736 979 1779 τὸ
1010 1730 1218 1791 θαυμάζω
1248 1751 1305 1778 ςε.
1347 1728 1435 1776 Ofr.
1478 1731 1615 1775 Bekk.
1648 1734 1727 1775 An.
1760 1731 1859 1787 335,
1891 1731 1966 1773 32:

270 1805 445 1863 ἄγαμαι·
494 1805 656 1863 ἄγαμαι
700 1806 872 1863 τούτου,
917 1804 1079 1862 ἄγαμαι
1124 1808 1306 1863 κεραμεῖ,
1355 1801 1550 1849 Εὔπολις
1588 1802 1657 1859 (fr.
1690 1803 1778 1846 364
1810 1802 1867 1858 Κ)
1898 1802 1967 1847 καὶ

282 1874 602 1936 Ἀριστοφάνης.
635 1903 693 1909 -
724 1876 846 1919 Phot.
878 1875 1016 1919 Berol.
1051 1875 1117 1929 13,
1153 1878 1194 1918 1:
1236 1874 1398 1932 ἄγαμαι
1428 1875 1600 1924 τούτου,
1644 1872 1805 1930 ἄγαμαι
1836 1891 1965 1932 κερα-

295 1966 399 1994 ειων.

264 1966 293 2006 μ
411 2020 583 2066 κεραμέος
607 2020 710 2057 Cohn
736 2019 788 2065 (et
813 2021 866 2056 sie
890 2021 963 2055 iam
987 2019 1157 2055 Meineke
1181 2030 1249 2064 pro
1273 2018 1390 2054 Bekk.
1417 2013 1590 2062 κεραμεῑ)]
1619 2014 1773 2061 κεράμου
1797 2016 1877 2051 eod.

410 2080 615 2138 κεραμεύς
675 2079 729 2121 ab
791 2077 1005 2135 Eupolide
1077 2076 1357 2134 Hyperbolus
1428 2074 1571 2118 dietus
1641 2088 1736 2116 esse
1791 2073 1966 2116 videtur

267 2149 371 2206 (cfr.
404 2149 530 2192 Mein.
563 2149 596 2204 1,
631 2150 747 2205 190),
780 2150 854 2206 qui
885 2149 1157 2209 λυχνουργός
1187 2155 1291 2201 erat,
1320 2147 1525 2205 κεραμεύς
1555 2152 1699 2188 autem
1721 2144 1838 2186 idem
1870 2158 1965 2187 esse

268 2219 382 2277 quod
424 2223 697 2280 λυχνουργός
736 2226 922 2263 testatur
963 2220 1065 2262 Hes.
1109 2233 1140 2260 s,
1172 2233 1211 2260 v.
1243 2218 1460 2277 κεραμεύς.
1494 2241 1549 2248 -—
1585 2217 1651 2259 De
1682 2230 1788 2258 voce
1829 2213 1965 2260 amm

267 2290 346 2334 cfr.
369 2291 592 2349 Hermipp.
613 2291 665 2335 fr.
687 2292 758 2348 46,
782 2293 804 2334 7
828 2292 888 2335 K:
920 2290 970 2344 δη
971 2289 1102 2351 χᾶεἱς
1132 2288 1282 2335 αἴθωνι
1313 2286 1473 2334 Κλέωνι
1505 2294 1548 2330 et
1577 2286 1699 2330 Alex.
1720 2286 1772 2328 fr.
1794 2286 1833 2342 2,
1854 2287 1881 2327 2
1903 2286 1962 2328 K:

268 2360 407 2408 αἴθων
436 2363 553 2421 ἀνὴρ.

1081 2457 1149 2499 22.

679 2540 856 2597 ἱμάντας
885 2539 977 2594 ἥξω
1007 2538 1134 2598 δεῦρο
1164 2538 1395 2583 πυκτικοὺς
1426 2538 1548 2597 ἔχων.

412 2622 642 2666 Philetaer.
673 2622 813 2666 Vatie.
845 2622 996 2678 (colun,
1028 2621 1107 2664 Rh.
1130 2622 1241 2664 Mus.
1270 2621 1394 2675 1888,
1425 2620 1546 2675 417):
1581 2620 1649 2664 ὅτι
1680 2616 1869 2670 πυξίδας
1889 2619 1965 2661 οὐκ

272 2697 444 2752 ἔλεγον,
466 2692 564 2739 ἀλλ’
583 2693 828 2751 ἱμάντας·
845 2693 1034 2750 ,ἱμάντας
1054 2690 1160 2738 κτλ.’
1182 2692 1308 2750 παρὰ
1330 2695 1391 2751 τῷ
1415 2688 1704 2736 Εὐπόλιδι.
1732 2687 1821 2732 Cfr-
1844 2686 1962 2730 Suid·

270 2767 421 2812 ὀπλαί·
453 2768 497 2811 αι’
535 2764 729 2818 πυξίδες,
771 2769 856 2809 τῶν
896 2765 1043 2809 ἵππων
1083 2766 1125 2808 οἱ
1164 2764 1326 2822 ὄνυχες.
1361 2787 1416 2793 -
1449 2761 1486 2804 Ε
1517 2759 1751 2802 Philetaeri
1784 2766 1962 2799 annota-

270 2838 387 2880 tione
412 2836 555 2879 elucet
577 2842 757 2887 caestus,
780 2834 932 2891 quibus
961 2833 1131 2891 pugiles
1154 2833 1386 2875 utebantur
1404 2833 1562 2889 quique
1594 2830 1762 2888 ἱμάντες
1793 2833 1962 2885 ςπεῖραι

269 2909 409 2966 βόειαι
448 2908 631 2968 μειλίχαι
673 2910 849 2965 σφαῖραι
889 2906 1096 2962 μύρμηκες
1140 2902 1265 2948 κώδια
1311 2903 1592 2958 vocabantur,
1635 2901 1787 2944 tralata
1833 2900 1962 2941 etiam

271 2979 460 3034 πυξίδας
490 2977 712 3035 (ungulas)
744 2975 980 3034 appellatos
1011 2989 1116 3017 esse.
1149 2974 1215 3016 De
1248 2974 1464 3016 caestibus
1497 2973 1575 3015 cfr.
1607 2972 1737 3025 Verg.
1770 2970 1875 3012 Aen.
1907 2968 1960 3019 V,

267 3052 376 3095 401:
408 3051 453 3092 in
485 3048 674 3091 medium
706 3047 903 3104 geminos
934 3045 1112 3087 immani
1143 3044 1332 3101 pondere
1368 3052 1538 3087 caestus
1582 3043 1775 3100 proiecit,
1808 3040 1963 3097 quibus
