<?xml version="1.0" encoding="UTF-8"?>
<!DOCTYPE html PUBLIC "-//W3C//DTD XHTML 1.0 Transitional//EN"
    "http://www.w3.org/TR/xhtml1/DTD/xhtml1-transitional.dtd">
<html xmlns="http://www.w3.org/1999/xhtml" xml:lang="en" lang="en">
 <head>
  <title>
</title>
<meta http-equiv="Content-Type" content="text/html;charset=utf-8" />
  <meta name='ocr-system' content='tesseract 3.04.00' />
  <meta name='ocr-capabilities' content='ocr_page ocr_carea ocr_par ocr_line ocrx_word'/>
</head>
<body>
  <div class='ocr_page' id='page_1' title='image "./supplementumcomi00demiuoft_0091.png"; bbox 0 0 2280 3626; ppageno 0'>
   <div class='ocr_carea' id='block_1_1' title="bbox 238 208 1938 263">
    <p class='ocr_par' dir='ltr' id='par_1_1' title="bbox 238 208 1938 263">
     <span class='ocr_line' id='line_1_1' title="bbox 238 208 1938 263; baseline -0.006 0"><span class='ocrx_word' id='word_1_1' title='bbox 238 209 335 263; x_wconf 64' lang='lat'><strong>[809]</strong></span> <span class='ocrx_word' id='word_1_2' title='bbox 845 225 1165 257; x_wconf 68' lang='lat' dir='ltr'>suannunm·tm</span> <span class='ocrx_word' id='word_1_3' title='bbox 1187 224 1363 255; x_wconf 63' lang='lat' dir='ltr'><strong>comeum</strong></span> <span class='ocrx_word' id='word_1_4' title='bbox 1884 208 1938 253; x_wconf 81' lang='lat'>85</span> 
     </span>
    </p>
   </div>
   <div class='ocr_carea' id='block_1_2' title="bbox 848 354 1334 399">
    <p class='ocr_par' dir='ltr' id='par_1_2' title="bbox 848 354 1334 399">
     <span class='ocr_line' id='line_1_2' title="bbox 848 354 1334 399; baseline -0.004 0"><span class='ocrx_word' id='word_1_5' title='bbox 848 355 918 399; x_wconf 87' lang='lat' dir='ltr'>Ex</span> <span class='ocrx_word' id='word_1_6' title='bbox 949 356 1130 399; x_wconf 78' lang='lat' dir='ltr'>incertis</span> <span class='ocrx_word' id='word_1_7' title='bbox 1161 354 1334 398; x_wconf 82' lang='lat' dir='ltr'><strong>fabulis.</strong></span> 
     </span>
    </p>
   </div>
   <div class='ocr_carea' id='block_1_3' title="bbox 243 441 1946 742">
    <p class='ocr_par' dir='ltr' id='par_1_3' title="bbox 243 441 1946 742">
     <span class='ocr_line' id='line_1_3' title="bbox 1072 441 1112 481; baseline 0 0"><span class='ocrx_word' id='word_1_8' title='bbox 1072 441 1112 481; x_wconf 85' lang='lat'>4.</span> 
     </span>
     <span class='ocr_line' id='line_1_4' title="bbox 894 521 1288 584; baseline -0.005 -15"><span class='ocrx_word' id='word_1_9' title='bbox 894 521 1288 584; x_wconf 68' lang='grc' dir='ltr'>αὐτοςχεδιαώείς.</span> 
     </span>
     <span class='ocr_line' id='line_1_5' title="bbox 384 604 1946 668; baseline -0.001 -16"><span class='ocrx_word' id='word_1_10' title='bbox 384 610 491 652; x_wconf 84' lang='lat' dir='ltr'><strong>Lex.</strong></span> <span class='ocrx_word' id='word_1_11' title='bbox 523 608 711 652; x_wconf 80' lang='lat' dir='ltr'>Sabbait.</span> <span class='ocrx_word' id='word_1_12' title='bbox 746 610 783 663; x_wconf 71' lang='lat'>1,</span> <span class='ocrx_word' id='word_1_13' title='bbox 818 610 891 652; x_wconf 82' lang='lat'>17:</span> <span class='ocrx_word' id='word_1_14' title='bbox 923 604 1268 668; x_wconf 70' lang='grc' dir='ltr'>αὐτοσχεδιάζειν</span> <span class='ocrx_word' id='word_1_15' title='bbox 1303 605 1564 660; x_wconf 77' lang='grc' dir='ltr'>Θουκυδίδης</span> <span class='ocrx_word' id='word_1_16' title='bbox 1594 607 1644 662; x_wconf 84' lang='grc' dir='ltr'>(Ι,</span> <span class='ocrx_word' id='word_1_17' title='bbox 1678 607 1779 662; x_wconf 87' lang='lat'>138)</span> <span class='ocrx_word' id='word_1_18' title='bbox 1812 606 1946 656; x_wconf 83' lang='grc' dir='ltr'>εἶπεν,</span> 
     </span>
     <span class='ocr_line' id='line_1_6' title="bbox 243 676 1945 742; baseline -0.003 -15"><span class='ocrx_word' id='word_1_19' title='bbox 243 682 312 728; x_wconf 80' lang='grc' dir='ltr'>καὶ</span> <span class='ocrx_word' id='word_1_20' title='bbox 341 679 681 742; x_wconf 81' lang='grc' dir='ltr'>αὐτοςχεδίαςμα</span> <span class='ocrx_word' id='word_1_21' title='bbox 713 678 894 725; x_wconf 88' lang='grc' dir='ltr'>Πλάτων</span> <span class='ocrx_word' id='word_1_22' title='bbox 925 679 994 733; x_wconf 87' lang='lat' dir='ltr'>(fr.</span> <span class='ocrx_word' id='word_1_23' title='bbox 1028 679 1082 722; x_wconf 81' lang='lat'>87</span> <span class='ocrx_word' id='word_1_24' title='bbox 1117 678 1189 735; x_wconf 90' lang='lat' dir='ltr'>K),</span> <span class='ocrx_word' id='word_1_25' title='bbox 1220 676 1602 738; x_wconf 60' lang='grc' dir='ltr'>αὑτοςχεδιαςθεῖς</span> <span class='ocrx_word' id='word_1_26' title='bbox 1644 677 1691 722; x_wconf 81' lang='grc' dir='ltr'>δὲ</span> <span class='ocrx_word' id='word_1_27' title='bbox 1733 676 1771 723; x_wconf 87' lang='grc' dir='ltr'><em>Σ</em></span> <span class='ocrx_word' id='word_1_28' title='bbox 1778 696 1843 736; x_wconf 90' lang='grc' dir='ltr'>τρ</span> <span class='ocrx_word' id='word_1_29' title='bbox 1857 678 1886 722; x_wconf 92' lang='grc' dir='ltr'>ά</span> <span class='ocrx_word' id='word_1_30' title='bbox 1895 697 1945 723; x_wconf 91' lang='grc' dir='ltr'>τ-</span> 
     </span>
    </p>
   </div>
   <div class='ocr_carea' id='block_1_4' title="bbox 244 749 1460 871">
    <p class='ocr_par' dir='ltr' id='par_1_4' title="bbox 244 749 1460 871">
     <span class='ocr_line' id='line_1_7' title="bbox 244 749 1460 812; baseline -0.004 -13"><span class='ocrx_word' id='word_1_31' title='bbox 244 771 342 799; x_wconf 89' lang='grc' dir='ltr'>τις.</span> <span class='ocrx_word' id='word_1_32' title='bbox 375 778 432 784; x_wconf 89' lang='lat'>——</span> <span class='ocrx_word' id='word_1_33' title='bbox 464 750 554 794; x_wconf 81' lang='lat' dir='ltr'>Cfr.</span> <span class='ocrx_word' id='word_1_34' title='bbox 587 752 689 794; x_wconf 80' lang='lat' dir='ltr'><strong>Hes.</strong></span> <span class='ocrx_word' id='word_1_35' title='bbox 722 749 1055 812; x_wconf 80' lang='grc' dir='ltr'>αὐτοςχεδιάζει·</span> <span class='ocrx_word' id='word_1_36' title='bbox 1089 750 1298 809; x_wconf 85' lang='grc' dir='ltr'>πάραυτα</span> <span class='ocrx_word' id='word_1_37' title='bbox 1329 750 1460 806; x_wconf 83' lang='grc' dir='ltr'>λέγει.</span> 
     </span>
     <span class='ocr_line' id='line_1_8' title="bbox 387 820 1041 871; baseline -0.005 -12"><span class='ocrx_word' id='word_1_38' title='bbox 387 822 570 871; x_wconf 71' lang='grc' dir='ltr'>Στράττις</span> <span class='ocrx_word' id='word_1_39' title='bbox 594 820 753 870; x_wconf 63' lang='lat' dir='ltr'>Papini-J</span> <span class='ocrx_word' id='word_1_40' title='bbox 778 821 935 868; x_wconf 80' lang='grc' dir='ltr'>ςτράτης</span> <span class='ocrx_word' id='word_1_41' title='bbox 961 823 1041 859; x_wconf 82' lang='lat' dir='ltr'><strong>eod.</strong></span> 
     </span>
    </p>
   </div>
   <div class='ocr_carea' id='block_1_5' title="bbox 248 906 1953 1372">
    <p class='ocr_par' dir='ltr' id='par_1_5' title="bbox 973 906 1230 1050">
     <span class='ocr_line' id='line_1_9' title="bbox 1080 906 1120 949; baseline -0.025 0"><span class='ocrx_word' id='word_1_42' title='bbox 1080 906 1120 949; x_wconf 80' lang='lat'>5.</span> 
     </span>
     <span class='ocr_line' id='line_1_10' title="bbox 973 988 1230 1050; baseline 0 -15"><span class='ocrx_word' id='word_1_43' title='bbox 973 988 1230 1050; x_wconf 81' lang='grc' dir='ltr'>αὐτοποδιᾳ.</span> 
     </span>
    </p>

    <p class='ocr_par' dir='ltr' id='par_1_6' title="bbox 248 1071 1953 1272">
     <span class='ocr_line' id='line_1_11' title="bbox 388 1071 1951 1132; baseline 0.001 -16"><span class='ocrx_word' id='word_1_44' title='bbox 388 1073 620 1117; x_wconf 78' lang='lat' dir='ltr'><strong>Philetaer.</strong></span> <span class='ocrx_word' id='word_1_45' title='bbox 651 1073 794 1116; x_wconf 71' lang='lat' dir='ltr'><strong>Vatia.</strong></span> <span class='ocrx_word' id='word_1_46' title='bbox 827 1073 979 1130; x_wconf 84' lang='lat' dir='ltr'>(Cohn,</span> <span class='ocrx_word' id='word_1_47' title='bbox 1008 1072 1191 1115; x_wconf 79' lang='lat' dir='ltr'>RhMus.</span> <span class='ocrx_word' id='word_1_48' title='bbox 1227 1073 1352 1123; x_wconf 87' lang='lat'>1888,</span> <span class='ocrx_word' id='word_1_49' title='bbox 1384 1072 1506 1129; x_wconf 79' lang='lat'>415):</span> <span class='ocrx_word' id='word_1_50' title='bbox 1551 1071 1795 1132; x_wconf 62' lang='grc' dir='ltr'>αὐτοποὸιζι</span> <span class='ocrx_word' id='word_1_51' title='bbox 1826 1072 1951 1130; x_wconf 85' lang='grc' dir='ltr'>παρὰ</span> 
     </span>
     <span class='ocr_line' id='line_1_12' title="bbox 249 1142 1953 1205; baseline -0.003 -14"><span class='ocrx_word' id='word_1_52' title='bbox 249 1143 567 1204; x_wconf 83' lang='grc' dir='ltr'>Στράττιδι</span> <span class='ocrx_word' id='word_1_53' title='bbox 613 1149 674 1205; x_wconf 82' lang='grc' dir='ltr'>τῷ</span> <span class='ocrx_word' id='word_1_54' title='bbox 704 1149 862 1205; x_wconf 80' lang='grc' dir='ltr'>κωμικῷ</span> <span class='ocrx_word' id='word_1_55' title='bbox 894 1146 969 1190; x_wconf 78' lang='grc' dir='ltr'>ἐπὶ</span> <span class='ocrx_word' id='word_1_56' title='bbox 998 1149 1079 1190; x_wconf 85' lang='grc' dir='ltr'>τοῦ</span> <span class='ocrx_word' id='word_1_57' title='bbox 1107 1143 1246 1201; x_wconf 82' lang='grc' dir='ltr'><em>βάδην</em></span> <span class='ocrx_word' id='word_1_58' title='bbox 1277 1145 1486 1189; x_wconf 76' lang='grc' dir='ltr'>ἀνύοντος</span> <span class='ocrx_word' id='word_1_59' title='bbox 1514 1145 1593 1197; x_wconf 81' lang='grc' dir='ltr'>τὴν</span> <span class='ocrx_word' id='word_1_60' title='bbox 1623 1142 1739 1188; x_wconf 87' lang='grc' dir='ltr'>ὀδόν.</span> <span class='ocrx_word' id='word_1_61' title='bbox 1779 1169 1830 1173; x_wconf 84' lang='grc'><strong>-</strong></span> <span class='ocrx_word' id='word_1_62' title='bbox 1864 1142 1953 1186; x_wconf 86' lang='lat' dir='ltr'>Cfr.</span> 
     </span>
     <span class='ocr_line' id='line_1_13' title="bbox 248 1213 1741 1272; baseline -0.003 -13"><span class='ocrx_word' id='word_1_63' title='bbox 248 1215 379 1259; x_wconf 87' lang='lat' dir='ltr'><strong>Dion.</strong></span> <span class='ocrx_word' id='word_1_64' title='bbox 411 1214 529 1259; x_wconf 74' lang='lat' dir='ltr'>Cass.</span> <span class='ocrx_word' id='word_1_65' title='bbox 562 1217 631 1270; x_wconf 76' lang='lat'>55,</span> <span class='ocrx_word' id='word_1_66' title='bbox 662 1216 702 1272; x_wconf 79' lang='lat'>5,</span> <span class='ocrx_word' id='word_1_67' title='bbox 734 1216 773 1269; x_wconf 72' lang='lat'>2,</span> <span class='ocrx_word' id='word_1_68' title='bbox 807 1215 880 1258; x_wconf 94' lang='lat' dir='ltr'>ubi</span> <span class='ocrx_word' id='word_1_69' title='bbox 912 1222 1058 1258; x_wconf 78' lang='lat' dir='ltr'>tamen</span> <span class='ocrx_word' id='word_1_70' title='bbox 1089 1214 1286 1257; x_wconf 84' lang='lat' dir='ltr'>Dindorf</span> <span class='ocrx_word' id='word_1_71' title='bbox 1310 1213 1533 1260; x_wconf 84' lang='grc' dir='ltr'>αὑτοποδί</span> <span class='ocrx_word' id='word_1_72' title='bbox 1557 1214 1741 1271; x_wconf 81' lang='lat' dir='ltr'><strong>scripsit.</strong></span> 
     </span>
    </p>

    <p class='ocr_par' dir='ltr' id='par_1_7' title="bbox 1081 1330 1121 1372">
     <span class='ocr_line' id='line_1_14' title="bbox 1081 1330 1121 1372; baseline -0.025 0"><span class='ocrx_word' id='word_1_73' title='bbox 1081 1330 1121 1372; x_wconf 86' lang='grc'>6.</span> 
     </span>
    </p>
   </div>
   <div class='ocr_carea' id='block_1_6' title="bbox 253 1411 1958 1768">
    <p class='ocr_par' dir='ltr' id='par_1_8' title="bbox 624 1411 1584 1474">
     <span class='ocr_line' id='line_1_15' title="bbox 624 1411 1584 1474; baseline 0 -16"><span class='ocrx_word' id='word_1_74' title='bbox 624 1411 780 1470; x_wconf 83' lang='grc' dir='ltr'>Ἀμμὼν</span> <span class='ocrx_word' id='word_1_75' title='bbox 811 1416 836 1458; x_wconf 89' lang='grc' dir='ltr'>ὁ</span> <span class='ocrx_word' id='word_1_76' title='bbox 867 1417 988 1471; x_wconf 82' lang='grc' dir='ltr'>κριοῦ</span> <span class='ocrx_word' id='word_1_77' title='bbox 1017 1412 1152 1472; x_wconf 84' lang='grc' dir='ltr'>δέρμα</span> <span class='ocrx_word' id='word_1_78' title='bbox 1183 1414 1251 1458; x_wconf 84' lang='grc' dir='ltr'>καὶ</span> <span class='ocrx_word' id='word_1_79' title='bbox 1282 1411 1429 1472; x_wconf 77' lang='grc' dir='ltr'>κέρατ’</span> <span class='ocrx_word' id='word_1_80' title='bbox 1462 1414 1584 1474; x_wconf 83' lang='grc' dir='ltr'>ἔχων.</span> 
     </span>
    </p>

    <p class='ocr_par' dir='ltr' id='par_1_9' title="bbox 253 1495 1958 1768">
     <span class='ocr_line' id='line_1_16' title="bbox 395 1495 1958 1556; baseline 0.001 -18"><span class='ocrx_word' id='word_1_81' title='bbox 395 1496 517 1539; x_wconf 83' lang='lat' dir='ltr'><strong>Phot.</strong></span> <span class='ocrx_word' id='word_1_82' title='bbox 548 1496 686 1539; x_wconf 79' lang='lat' dir='ltr'>Berol.</span> <span class='ocrx_word' id='word_1_83' title='bbox 718 1497 788 1549; x_wconf 79' lang='lat'>92,</span> <span class='ocrx_word' id='word_1_84' title='bbox 840 1497 911 1539; x_wconf 88' lang='lat'>19:</span> <span class='ocrx_word' id='word_1_85' title='bbox 972 1495 1141 1554; x_wconf 88' lang='grc' dir='ltr'>Ἀμμών·</span> <span class='ocrx_word' id='word_1_86' title='bbox 1191 1497 1322 1556; x_wconf 83' lang='grc' dir='ltr'>ἑορτὴ</span> <span class='ocrx_word' id='word_1_87' title='bbox 1377 1495 1596 1550; x_wconf 64' lang='grc' dir='ltr'>Ἀθήνηςιν</span> <span class='ocrx_word' id='word_1_88' title='bbox 1642 1497 1842 1553; x_wconf 77' lang='grc' dir='ltr'>ἀγομένη.</span> <span class='ocrx_word' id='word_1_89' title='bbox 1890 1496 1958 1540; x_wconf 79' lang='grc' dir='ltr'>καὶ</span> 
     </span>
     <span class='ocr_line' id='line_1_17' title="bbox 253 1566 1956 1628; baseline -0.004 -14"><span class='ocrx_word' id='word_1_90' title='bbox 253 1569 379 1628; x_wconf 80' lang='grc' dir='ltr'>ὄφεις</span> <span class='ocrx_word' id='word_1_91' title='bbox 407 1571 449 1614; x_wconf 86' lang='grc' dir='ltr'>οἱ</span> <span class='ocrx_word' id='word_1_92' title='bbox 478 1566 714 1627; x_wconf 84' lang='grc' dir='ltr'>Κυρηναῖοι.</span> <span class='ocrx_word' id='word_1_93' title='bbox 747 1569 816 1613; x_wconf 81' lang='grc' dir='ltr'>καὶ</span> <span class='ocrx_word' id='word_1_94' title='bbox 837 1566 1133 1626; x_wconf 89' lang='grc' dir='ltr'>Στράττις·</span> <span class='ocrx_word' id='word_1_95' title='bbox 1168 1605 1178 1618; x_wconf 91' lang='grc'><em>,</em></span> <span class='ocrx_word' id='word_1_96' title='bbox 1196 1566 1392 1625; x_wconf 86' lang='grc' dir='ltr'>Ἀμμὼν</span> <span class='ocrx_word' id='word_1_97' title='bbox 1421 1566 1530 1613; x_wconf 81' lang='grc' dir='ltr'>κτλ.’</span> <span class='ocrx_word' id='word_1_98' title='bbox 1562 1594 1616 1598; x_wconf 93' lang='grc'>-</span> <span class='ocrx_word' id='word_1_99' title='bbox 1645 1566 1733 1610; x_wconf 82' lang='lat' dir='ltr'>Cfr.</span> <span class='ocrx_word' id='word_1_100' title='bbox 1755 1566 1834 1610; x_wconf 88' lang='lat' dir='ltr'>Ov.</span> <span class='ocrx_word' id='word_1_101' title='bbox 1858 1566 1956 1609; x_wconf 81' lang='lat' dir='ltr'><strong>Met.</strong></span> 
     </span>
     <span class='ocr_line' id='line_1_18' title="bbox 253 1638 1956 1699; baseline 0.003 -17"><span class='ocrx_word' id='word_1_102' title='bbox 253 1638 308 1691; x_wconf 92' lang='lat' dir='ltr'>V,</span> <span class='ocrx_word' id='word_1_103' title='bbox 338 1639 424 1682; x_wconf 82' lang='lat'>328</span> <span class='ocrx_word' id='word_1_104' title='bbox 467 1646 509 1682; x_wconf 83' lang='lat' dir='ltr'>et</span> <span class='ocrx_word' id='word_1_105' title='bbox 551 1638 620 1682; x_wconf 79' lang='lat' dir='ltr'>dei</span> <span class='ocrx_word' id='word_1_106' title='bbox 662 1638 870 1696; x_wconf 81' lang='lat' dir='ltr'><strong>epitheta:</strong></span> <span class='ocrx_word' id='word_1_107' title='bbox 916 1642 1268 1698; x_wconf 87' lang='grc' dir='ltr'>κριοπρόςωπος,</span> <span class='ocrx_word' id='word_1_108' title='bbox 1316 1641 1620 1699; x_wconf 83' lang='grc' dir='ltr'>κριοκέφαλος,</span> <span class='ocrx_word' id='word_1_109' title='bbox 1668 1640 1956 1698; x_wconf 86' lang='grc' dir='ltr'>κεραςφόρος,</span> 
     </span>
     <span class='ocr_line' id='line_1_19' title="bbox 255 1708 1958 1768; baseline -0.002 -14"><span class='ocrx_word' id='word_1_110' title='bbox 255 1710 465 1767; x_wconf 82' lang='lat' dir='ltr'>corniger,</span> <span class='ocrx_word' id='word_1_111' title='bbox 497 1711 620 1753; x_wconf 82' lang='lat' dir='ltr'><strong>tortis</strong></span> <span class='ocrx_word' id='word_1_112' title='bbox 653 1710 871 1754; x_wconf 81' lang='lat' dir='ltr'>cornibus.</span> <span class='ocrx_word' id='word_1_113' title='bbox 903 1710 972 1754; x_wconf 80' lang='lat' dir='ltr'>De</span> <span class='ocrx_word' id='word_1_114' title='bbox 1002 1711 1218 1753; x_wconf 65' lang='lat' dir='ltr'>Ammona</span> <span class='ocrx_word' id='word_1_115' title='bbox 1246 1710 1373 1768; x_wconf 78' lang='lat' dir='ltr'>plura</span> <span class='ocrx_word' id='word_1_116' title='bbox 1393 1711 1588 1753; x_wconf 81' lang='lat' dir='ltr'>invenies</span> <span class='ocrx_word' id='word_1_117' title='bbox 1609 1711 1655 1752; x_wconf 86' lang='lat' dir='ltr'>in</span> <span class='ocrx_word' id='word_1_118' title='bbox 1676 1708 1958 1768; x_wconf 81' lang='lat' dir='ltr'>Pauly-Wis-</span> 
     </span>
    </p>
   </div>
   <div class='ocr_carea' id='block_1_7' title="bbox 255 1781 1849 1901">
    <p class='ocr_par' dir='ltr' id='par_1_10' title="bbox 255 1781 1849 1901">
     <span class='ocr_line' id='line_1_20' title="bbox 255 1781 1849 1842; baseline -0.001 -18"><span class='ocrx_word' id='word_1_119' title='bbox 255 1797 373 1825; x_wconf 78' lang='lat' dir='ltr'><strong>sowa</strong></span> <span class='ocrx_word' id='word_1_120' title='bbox 402 1781 603 1825; x_wconf 78' lang='lat' dir='ltr'><strong>Realenz.</strong></span> <span class='ocrx_word' id='word_1_121' title='bbox 636 1782 669 1831; x_wconf 79' lang='lat' dir='ltr'>I,</span> <span class='ocrx_word' id='word_1_122' title='bbox 705 1783 818 1826; x_wconf 79' lang='lat'>1853</span> <span class='ocrx_word' id='word_1_123' title='bbox 850 1797 939 1840; x_wconf 79' lang='lat' dir='ltr'><strong>sqq.</strong></span> <span class='ocrx_word' id='word_1_124' title='bbox 971 1790 1014 1825; x_wconf 81' lang='lat' dir='ltr'>et</span> <span class='ocrx_word' id='word_1_125' title='bbox 1042 1781 1239 1825; x_wconf 81' lang='lat' dir='ltr'><strong>Roseher</strong></span> <span class='ocrx_word' id='word_1_126' title='bbox 1271 1782 1408 1842; x_wconf 82' lang='lat' dir='ltr'><strong>Myth.</strong></span> <span class='ocrx_word' id='word_1_127' title='bbox 1439 1783 1545 1826; x_wconf 83' lang='lat' dir='ltr'>Lex.</span> <span class='ocrx_word' id='word_1_128' title='bbox 1577 1783 1611 1837; x_wconf 84' lang='grc' dir='ltr'>Ι,</span> <span class='ocrx_word' id='word_1_129' title='bbox 1643 1783 1730 1826; x_wconf 82' lang='grc'>283</span> <span class='ocrx_word' id='word_1_130' title='bbox 1762 1797 1849 1838; x_wconf 80' lang='lat' dir='ltr'><strong>sqq.</strong></span> 
     </span>
     <span class='ocr_line' id='line_1_21' title="bbox 408 1851 1762 1901; baseline -0.001 -12"><span class='ocrx_word' id='word_1_131' title='bbox 408 1851 539 1899; x_wconf 81' lang='grc' dir='ltr'>Ἀμμῶν</span> <span class='ocrx_word' id='word_1_132' title='bbox 561 1852 693 1899; x_wconf 81' lang='lat' dir='ltr'><strong>Reitz.]</strong></span> <span class='ocrx_word' id='word_1_133' title='bbox 725 1852 860 1899; x_wconf 85' lang='grc' dir='ltr'>Ἄμμων</span> <span class='ocrx_word' id='word_1_134' title='bbox 885 1854 925 1895; x_wconf 84' lang='lat' dir='ltr'>b3</span> <span class='ocrx_word' id='word_1_135' title='bbox 951 1855 1195 1901; x_wconf 84' lang='lat' dir='ltr'>proculdubio</span> <span class='ocrx_word' id='word_1_136' title='bbox 1219 1856 1289 1899; x_wconf 76' lang='lat' dir='ltr'><strong>leg.</strong></span> <span class='ocrx_word' id='word_1_137' title='bbox 1316 1856 1355 1890; x_wconf 88' lang='lat' dir='ltr'>in</span> <span class='ocrx_word' id='word_1_138' title='bbox 1379 1857 1549 1891; x_wconf 83' lang='lat' dir='ltr'><strong>lemmate</strong></span> <span class='ocrx_word' id='word_1_139' title='bbox 1585 1853 1762 1899; x_wconf 81' lang='grc' dir='ltr'>Ἀμμώνια.</span> 
     </span>
    </p>
   </div>
   <div class='ocr_carea' id='block_1_8' title="bbox 263 1956 1961 2452">
    <p class='ocr_par' dir='ltr' id='par_1_11' title="bbox 263 1956 1961 2452">
     <span class='ocr_line' id='line_1_22' title="bbox 1091 1956 1129 1997; baseline 0 0"><span class='ocrx_word' id='word_1_140' title='bbox 1091 1956 1129 1997; x_wconf 82' lang='lat'>7.</span> 
     </span>
     <span class='ocr_line' id='line_1_23' title="bbox 938 2025 1281 2086; baseline 0 -15"><span class='ocrx_word' id='word_1_141' title='bbox 938 2025 1281 2086; x_wconf 73' lang='grc' dir='ltr'>ἀμφίβληστρον.</span> 
     </span>
     <span class='ocr_line' id='line_1_24' title="bbox 401 2107 1960 2169; baseline 0.001 -18"><span class='ocrx_word' id='word_1_142' title='bbox 401 2108 525 2151; x_wconf 83' lang='lat' dir='ltr'><strong>Phot.</strong></span> <span class='ocrx_word' id='word_1_143' title='bbox 556 2109 695 2152; x_wconf 82' lang='lat' dir='ltr'>Berol.</span> <span class='ocrx_word' id='word_1_144' title='bbox 728 2109 797 2161; x_wconf 86' lang='lat'>99,</span> <span class='ocrx_word' id='word_1_145' title='bbox 831 2110 903 2152; x_wconf 84' lang='lat'>12:</span> <span class='ocrx_word' id='word_1_146' title='bbox 944 2109 1287 2168; x_wconf 75' lang='grc' dir='ltr'>ἀμφίβληστρον·</span> <span class='ocrx_word' id='word_1_147' title='bbox 1336 2108 1569 2156; x_wconf 80' lang='grc' dir='ltr'>Ἐπίλυκος</span> <span class='ocrx_word' id='word_1_148' title='bbox 1610 2107 1863 2169; x_wconf 84' lang='grc' dir='ltr'>Κωραλιςκῳ</span> <span class='ocrx_word' id='word_1_149' title='bbox 1893 2109 1960 2164; x_wconf 85' lang='lat' dir='ltr'>(fr.</span> 
     </span>
     <span class='ocr_line' id='line_1_25' title="bbox 264 2179 1960 2240; baseline 0.002 -18"><span class='ocrx_word' id='word_1_150' title='bbox 264 2182 286 2222; x_wconf 94' lang='grc'>1</span> <span class='ocrx_word' id='word_1_151' title='bbox 319 2180 393 2237; x_wconf 86' lang='lat' dir='ltr'>D)·</span> <span class='ocrx_word' id='word_1_152' title='bbox 429 2182 602 2230; x_wconf 84' lang='grc' dir='ltr'>,πλοῖόν</span> <span class='ocrx_word' id='word_1_153' title='bbox 632 2200 682 2226; x_wconf 87' lang='grc' dir='ltr'>τε</span> <span class='ocrx_word' id='word_1_154' title='bbox 711 2180 860 2238; x_wconf 85' lang='grc' dir='ltr'>λαβὼν</span> <span class='ocrx_word' id='word_1_155' title='bbox 890 2179 986 2226; x_wconf 81' lang='grc' dir='ltr'>κατ’</span> <span class='ocrx_word' id='word_1_156' title='bbox 1020 2184 1204 2238; x_wconf 85' lang='grc' dir='ltr'>ἐμαυτὸν</span> <span class='ocrx_word' id='word_1_157' title='bbox 1246 2179 1604 2240; x_wconf 86' lang='grc' dir='ltr'>κάμφίβληςτρον</span> <span class='ocrx_word' id='word_1_158' title='bbox 1634 2181 1712 2234; x_wconf 89' lang='grc' dir='ltr'>τήν</span> <span class='ocrx_word' id='word_1_159' title='bbox 1742 2199 1792 2225; x_wconf 90' lang='grc' dir='ltr'>τε</span> <span class='ocrx_word' id='word_1_160' title='bbox 1822 2181 1960 2238; x_wconf 79' lang='grc' dir='ltr'>τρίαι-</span> 
     </span>
     <span class='ocr_line' id='line_1_26' title="bbox 264 2250 1960 2312; baseline -0.001 -16"><span class='ocrx_word' id='word_1_161' title='bbox 264 2250 366 2297; x_wconf 79' lang='grc' dir='ltr'>ναν’.</span> <span class='ocrx_word' id='word_1_162' title='bbox 400 2252 537 2297; x_wconf 83' lang='grc' dir='ltr'>οὕτως</span> <span class='ocrx_word' id='word_1_163' title='bbox 566 2251 615 2297; x_wconf 84' lang='grc' dir='ltr'>δὲ</span> <span class='ocrx_word' id='word_1_164' title='bbox 646 2253 714 2298; x_wconf 75' lang='grc' dir='ltr'>καὶ</span> <span class='ocrx_word' id='word_1_165' title='bbox 745 2251 1042 2312; x_wconf 77' lang='grc' dir='ltr'>Στράττις.</span> <span class='ocrx_word' id='word_1_166' title='bbox 1077 2278 1132 2283; x_wconf 75' lang='lat'>-</span> <span class='ocrx_word' id='word_1_167' title='bbox 1165 2252 1283 2294; x_wconf 88' lang='lat' dir='ltr'>Suid.</span> <span class='ocrx_word' id='word_1_168' title='bbox 1322 2251 1664 2311; x_wconf 77' lang='grc' dir='ltr'>ἀμφίβληστρον·</span> <span class='ocrx_word' id='word_1_169' title='bbox 1697 2254 1751 2297; x_wconf 88' lang='grc' dir='ltr'>τὸ</span> <span class='ocrx_word' id='word_1_170' title='bbox 1782 2250 1960 2296; x_wconf 80' lang='grc' dir='ltr'>δίκτυον.</span> 
     </span>
     <span class='ocr_line' id='line_1_27' title="bbox 263 2320 1961 2382; baseline 0.002 -19"><span class='ocrx_word' id='word_1_171' title='bbox 263 2321 370 2364; x_wconf 83' lang='grc' dir='ltr'>ΡοΙΙ.</span> <span class='ocrx_word' id='word_1_172' title='bbox 401 2321 460 2374; x_wconf 83' lang='grc' dir='ltr'>Χ,</span> <span class='ocrx_word' id='word_1_173' title='bbox 508 2323 609 2365; x_wconf 82' lang='lat'><strong>132:</strong></span> <span class='ocrx_word' id='word_1_174' title='bbox 656 2323 713 2368; x_wconf 87' lang='grc' dir='ltr'>τὰ</span> <span class='ocrx_word' id='word_1_175' title='bbox 760 2322 808 2368; x_wconf 80' lang='grc' dir='ltr'>δὲ</span> <span class='ocrx_word' id='word_1_176' title='bbox 853 2325 1005 2369; x_wconf 82' lang='grc' dir='ltr'>ἁλιέως</span> <span class='ocrx_word' id='word_1_177' title='bbox 1051 2324 1242 2377; x_wconf 87' lang='grc' dir='ltr'>ςκεύη...</span> <span class='ocrx_word' id='word_1_178' title='bbox 1276 2323 1455 2373; x_wconf 83' lang='grc' dir='ltr'>δίκτυον,</span> <span class='ocrx_word' id='word_1_179' title='bbox 1500 2322 1838 2382; x_wconf 86' lang='grc' dir='ltr'>ἀμφίβληςτρον.</span> <span class='ocrx_word' id='word_1_180' title='bbox 1873 2320 1961 2364; x_wconf 83' lang='lat' dir='ltr'>Cfr.</span> 
     </span>
     <span class='ocr_line' id='line_1_28' title="bbox 266 2393 1526 2452; baseline -0.002 -14"><span class='ocrx_word' id='word_1_181' title='bbox 266 2393 438 2452; x_wconf 82' lang='lat' dir='ltr'><strong>Antiph.</strong></span> <span class='ocrx_word' id='word_1_182' title='bbox 474 2394 568 2449; x_wconf 86' lang='lat'>194,</span> <span class='ocrx_word' id='word_1_183' title='bbox 602 2397 624 2437; x_wconf 94' lang='grc'>1</span> <span class='ocrx_word' id='word_1_184' title='bbox 660 2395 718 2448; x_wconf 74' lang='grc' dir='ltr'>Κτ,</span> <span class='ocrx_word' id='word_1_185' title='bbox 752 2395 863 2437; x_wconf 84' lang='lat' dir='ltr'>Men.</span> <span class='ocrx_word' id='word_1_186' title='bbox 896 2394 949 2437; x_wconf 85' lang='lat' dir='ltr'>fr.</span> <span class='ocrx_word' id='word_1_187' title='bbox 982 2396 1036 2438; x_wconf 81' lang='lat'>27</span> <span class='ocrx_word' id='word_1_188' title='bbox 1070 2396 1130 2449; x_wconf 84' lang='grc' dir='ltr'>Κ;</span> <span class='ocrx_word' id='word_1_189' title='bbox 1164 2394 1324 2437; x_wconf 84' lang='lat' dir='ltr'><strong>Herod.</strong></span> <span class='ocrx_word' id='word_1_190' title='bbox 1359 2397 1394 2445; x_wconf 90' lang='lat'>1,</span> <span class='ocrx_word' id='word_1_191' title='bbox 1431 2396 1526 2437; x_wconf 82' lang='lat'>141.</span> 
     </span>
    </p>
   </div>
   <div class='ocr_carea' id='block_1_9' title="bbox 269 2508 1960 2792">
    <p class='ocr_par' dir='ltr' id='par_1_12' title="bbox 269 2508 1960 2792">
     <span class='ocr_line' id='line_1_29' title="bbox 1096 2508 1134 2550; baseline 0 0"><span class='ocrx_word' id='word_1_192' title='bbox 1096 2508 1134 2550; x_wconf 91' lang='grc'>8.</span> 
     </span>
     <span class='ocr_line' id='line_1_30' title="bbox 985 2581 1236 2638; baseline 0.004 -14"><span class='ocrx_word' id='word_1_193' title='bbox 985 2581 1236 2638; x_wconf 87' lang='grc' dir='ltr'>ἀναργυρια.</span> 
     </span>
     <span class='ocr_line' id='line_1_31' title="bbox 409 2659 1960 2721; baseline 0 -19"><span class='ocrx_word' id='word_1_194' title='bbox 409 2659 530 2703; x_wconf 81' lang='lat' dir='ltr'>Phot.</span> <span class='ocrx_word' id='word_1_195' title='bbox 564 2660 701 2703; x_wconf 78' lang='lat' dir='ltr'><strong>Berol.</strong></span> <span class='ocrx_word' id='word_1_196' title='bbox 736 2663 831 2714; x_wconf 73' lang='grc'>120,</span> <span class='ocrx_word' id='word_1_197' title='bbox 863 2663 908 2704; x_wconf 83' lang='lat'>6:</span> <span class='ocrx_word' id='word_1_198' title='bbox 940 2662 1198 2721; x_wconf 77' lang='grc' dir='ltr'>ἀνάργυρος·</span> <span class='ocrx_word' id='word_1_199' title='bbox 1234 2661 1416 2707; x_wconf 89' lang='grc' dir='ltr'>Πλάτων</span> <span class='ocrx_word' id='word_1_200' title='bbox 1448 2661 1595 2719; x_wconf 89' lang='grc' dir='ltr'>Νόμων</span> <span class='ocrx_word' id='word_1_201' title='bbox 1625 2660 1669 2718; x_wconf 77' lang='grc' dir='ltr'>γ’</span> <span class='ocrx_word' id='word_1_202' title='bbox 1703 2663 1754 2718; x_wconf 81' lang='lat' dir='ltr'>(p.</span> <span class='ocrx_word' id='word_1_203' title='bbox 1787 2663 1872 2704; x_wconf 82' lang='lat'>679</span> <span class='ocrx_word' id='word_1_204' title='bbox 1906 2660 1960 2716; x_wconf 88' lang='lat' dir='ltr'>b)·</span> 
     </span>
     <span class='ocr_line' id='line_1_32' title="bbox 269 2732 1775 2792; baseline 0.001 -16"><span class='ocrx_word' id='word_1_205' title='bbox 269 2732 468 2792; x_wconf 83' lang='grc' dir='ltr'>,ἅχρυςοί</span> <span class='ocrx_word' id='word_1_206' title='bbox 492 2751 542 2777; x_wconf 90' lang='grc' dir='ltr'>τε</span> <span class='ocrx_word' id='word_1_207' title='bbox 572 2733 641 2777; x_wconf 87' lang='grc' dir='ltr'>καῖ</span> <span class='ocrx_word' id='word_1_208' title='bbox 671 2732 906 2791; x_wconf 81' lang='grc' dir='ltr'>ἀνάργυροι</span> <span class='ocrx_word' id='word_1_209' title='bbox 938 2732 1088 2778; x_wconf 81' lang='grc' dir='ltr'>ὄντες’.</span> <span class='ocrx_word' id='word_1_210' title='bbox 1124 2735 1364 2791; x_wconf 84' lang='grc' dir='ltr'>ἀναργυρία</span> <span class='ocrx_word' id='word_1_211' title='bbox 1395 2733 1441 2778; x_wconf 82' lang='grc' dir='ltr'>δὲ</span> <span class='ocrx_word' id='word_1_212' title='bbox 1474 2732 1775 2791; x_wconf 86' lang='grc' dir='ltr'>Στράττις.</span> 
     </span>
    </p>
   </div>
   <div class='ocr_carea' id='block_1_10' title="bbox 270 2846 1962 3131">
    <p class='ocr_par' dir='ltr' id='par_1_13' title="bbox 270 2846 1962 3131">
     <span class='ocr_line' id='line_1_33' title="bbox 1097 2846 1135 2888; baseline -0.026 0"><span class='ocrx_word' id='word_1_213' title='bbox 1097 2846 1135 2888; x_wconf 86' lang='grc'>9.</span> 
     </span>
     <span class='ocr_line' id='line_1_34' title="bbox 744 2915 1493 2977; baseline 0.001 -16"><span class='ocrx_word' id='word_1_214' title='bbox 744 2918 1027 2975; x_wconf 80' lang='grc' dir='ltr'>ἀνωφέλητος</span> <span class='ocrx_word' id='word_1_215' title='bbox 1056 2918 1125 2962; x_wconf 82' lang='grc' dir='ltr'>καὶ</span> <span class='ocrx_word' id='word_1_216' title='bbox 1154 2915 1280 2962; x_wconf 60' lang='grc' dir='ltr'>θεοῖς</span> <span class='ocrx_word' id='word_1_217' title='bbox 1310 2916 1493 2977; x_wconf 58' lang='grc' dir='ltr'>ἐχθρός.</span> 
     </span>
     <span class='ocr_line' id='line_1_35' title="bbox 413 2998 1962 3059; baseline 0.001 -17"><span class='ocrx_word' id='word_1_218' title='bbox 413 2999 532 3042; x_wconf 82' lang='lat' dir='ltr'><strong>Phot.</strong></span> <span class='ocrx_word' id='word_1_219' title='bbox 555 2998 690 3043; x_wconf 85' lang='lat' dir='ltr'>Berol.</span> <span class='ocrx_word' id='word_1_220' title='bbox 714 3000 812 3055; x_wconf 76' lang='lat'>152,</span> <span class='ocrx_word' id='word_1_221' title='bbox 833 3001 877 3042; x_wconf 87' lang='lat'>4:</span> <span class='ocrx_word' id='word_1_222' title='bbox 911 3001 1195 3059; x_wconf 82' lang='grc' dir='ltr'>ἀνωφέλητος</span> <span class='ocrx_word' id='word_1_223' title='bbox 1215 2998 1468 3058; x_wconf 57' lang='grc' dir='ltr'>ἅνθρωπος·</span> <span class='ocrx_word' id='word_1_224' title='bbox 1493 2999 1788 3059; x_wconf 84' lang='grc' dir='ltr'>Στράττις·</span> <span class='ocrx_word' id='word_1_225' title='bbox 1823 3001 1862 3054; x_wconf 67' lang='grc' dir='ltr'>,ἀ</span> <span class='ocrx_word' id='word_1_226' title='bbox 1877 3018 1962 3043; x_wconf 93' lang='grc' dir='ltr'>νω-</span> 
     </span>
     <span class='ocr_line' id='line_1_36' title="bbox 270 3067 1962 3131; baseline -0.001 -15"><span class='ocrx_word' id='word_1_227' title='bbox 270 3073 522 3131; x_wconf 83' lang='grc' dir='ltr'>φέλητος</span> <span class='ocrx_word' id='word_1_228' title='bbox 552 3069 660 3116; x_wconf 80' lang='grc' dir='ltr'>κτλ.”</span> <span class='ocrx_word' id='word_1_229' title='bbox 679 3096 734 3102; x_wconf 86' lang='grc'>-</span> <span class='ocrx_word' id='word_1_230' title='bbox 753 3069 918 3129; x_wconf 82' lang='lat' dir='ltr'><strong>Phryn.</strong></span> <span class='ocrx_word' id='word_1_231' title='bbox 951 3072 989 3126; x_wconf 84' lang='lat'>4,</span> <span class='ocrx_word' id='word_1_232' title='bbox 1025 3072 1073 3113; x_wconf 93' lang='lat'>11</span> <span class='ocrx_word' id='word_1_233' title='bbox 1113 3070 1246 3113; x_wconf 76' lang='lat' dir='ltr'>Bon-‚z</span> <span class='ocrx_word' id='word_1_234' title='bbox 1279 3073 1561 3130; x_wconf 83' lang='grc' dir='ltr'>ἀνωφέλητος</span> <span class='ocrx_word' id='word_1_235' title='bbox 1591 3069 1843 3127; x_wconf 57' lang='grc' dir='ltr'>ἅνθρωπος·</span> <span class='ocrx_word' id='word_1_236' title='bbox 1880 3067 1962 3114; x_wconf 74' lang='grc' dir='ltr'>Εὗ-</span> 
     </span>
    </p>
   </div>
  </div>
 </body>
</html>
