2280 3626
314 246 414 295 [227]
913 265 1235 292 summanum-tm
1254 265 1433 292 cumcun
1964 253 2023 296 23

314 390 714 450 ,κατεσκέδασε
743 389 844 436 κτέ.’
877 415 932 422 —-
960 390 1050 434 cfr.
1082 390 1206 433 Phot.
1238 390 1376 434 Berol.
1409 391 1477 441 81,
1509 393 1554 435 5:
1586 394 1654 437 καὶ
1683 393 1772 451 γὰρ
1803 395 2022 439 ἀλεαίνεσ-

317 460 402 508 Δθαι
433 461 674 508 δασύνουσιν
704 464 746 506 οἱ
777 459 965 506 Ἀττικοὶ
993 462 1064 506 καὶ
1093 461 1242 506 πάντα
1274 462 1330 506 τὰ
1360 466 1553 507 τοιαῦτα·
1585 465 1680 519 ἁμίσ
1710 463 1858 520 ἅμαξα
1890 466 2023 521 ἀμνόσ

317 536 412 579 κτλ.
443 558 503 563 -
534 531 658 575 Idem
689 531 826 575 refert
856 531 978 574 Eunt.
1015 532 1139 587 1636,
1171 533 1240 575 27.
1273 559 1329 563 -—
1361 532 1483 576 Phot.
1526 549 1558 575 s.
1600 549 1641 575 v.
1682 533 2019 590 κατασκεδάζειν·

318 602 430 650 ‹3ro
459 603 509 656 ἦν
544 601 736 662 Θρᾴκιον
767 607 812 648 έν
841 607 935 648 τοΐσ
966 605 1222 660 συμποσίοισ,
1263 605 1329 649 ἵνα
1370 605 1479 648 ὅταν
1509 606 1631 649 πίωσι
1665 610 1746 649 τοῦ
1777 606 1893 650 οἴνου
1922 607 2024 651 ὅσον

318 673 518 720 δύνανται
549 677 591 719 οἱ
620 676 846 731 συμπόται,
878 676 933 719 τὸ
964 676 1125 719 λοιπὸν
1155 679 1234 719 τοῦ
1255 675 1372 719 οἴνου
1401 693 1513 720 κατα
1513 676 1639 735 χέωσι
1671 676 1781 720 κατὰ
1812 681 1897 720 τῶν
1928 679 2022 733 ἱμα-

317 746 418 791 τίων
458 749 544 790 τῶν
584 750 823 801 συμποτῶν,
866 746 983 803 ὅπερ
1025 746 1186 801 ἔλεγον
1231 743 1568 799 κατασκεδάζειν.
1611 745 1734 788 Idem
1768 746 1887 788 Suid.
1920 762 1950 789 s.
1981 761 2022 789 V.

317 814 654 870 κατασκεδάζειν.
687 841 744 846 -
774 816 932 858 Moeris
965 831 1003 872 p.
1035 817 1138 860 216:
1176 815 1479 861 κατεσκέδασεν
1518 817 1596 870 τὴν
1639 816 1764 873 ἀμίδα
1809 815 2021 862 Ἀττικῶς·

316 889 526 947 κατέχεεν
575 885 839 940 Ἐλληνικῶα
874 887 977 930 Hes,
1007 886 1313 932 κατασκεδάσαι
1345 887 1529 943 (Attieiy
1562 889 1783 948 καταχέαι.
1816 913 1874 917 —
1906 889 2022 931 Dem.

317 958 388 1008 54,
417 959 462 1001 4:
495 957 578 1002 τὰσ
608 957 759 1010 ἀμίδασ
789 957 1181 1003 κατεσκεδάννυσαν.

1136 1066 1207 1107 42.

1009 1137 1338 1194 ἀμαλλοφόροσ.

460 1229 581 1272 Phot.
604 1229 740 1273 Berol.
762 1230 832 1282 92,
858 1229 930 1271 10:
961 1229 1153 1287 ἅμιλλον·
1172 1230 1250 1283 τὴν
1285 1229 1468 1287 ἅμιλλαν
1487 1228 1726 1288 Δωρόθεοσ
1746 1229 1853 1287 (Gfr.
1876 1231 2021 1288 Etym.

317 1300 374 1343 H.
421 1301 491 1354 87,
531 1300 606 1356 49)
648 1301 810 1359 εἴρηκεν
851 1303 1087 1359 ἀρσενικῶς.
1130 1301 1198 1345 καὶ
1245 1302 1548 1359 ἁμιλλοφόροσ
1602 1298 1972 1359 Ἀριστοφάνη
1986 1320 2021 1346 c.

319 1371 408 1416 Cfr.
430 1371 550 1414 Eunt.
566 1386 604 1427 p.
624 1372 751 1425 1162,
768 1372 844 1425 273
875 1370 1084 1429 Porphyr.
1108 1370 1160 1413 de
1182 1372 1288 1413 abst..
1312 1372 1350 1426 2,
1375 1372 1447 1424 19;
1470 1371 1610 1414 Nonn.
1632 1372 1814 1429 DionyS.
1838 1372 1907 1427 26,
1924 1373 2022 1414 244.

461 1442 724 1487 ἀμαλλοφόροσ
750 1443 898 1478 Wilam.
924 1442 1131 1488 Sitzungsb.
1163 1441 1264 1487 1907,
1290 1443 1324 1486 7}
1350 1441 1601 1487 ἀμιλλοφόροσ
1626 1444 1706 1478 eod.
1734 1442 1764 1477 b.

1134 1538 1204 1579 43.

1004 1611 1336 1666 ἀμπελουργεΐν.

461 1702 581 1744 Phot.
615 1703 751 1746 Berol.
784 1704 852 1758 95.
883 1703 928 1744 4;
962 1705 1272 1760 ἀμπελουργόσ
1302 1703 1418 1759 (Pae.
1454 1703 1555 1759 190)
1586 1705 1654 1748 καὶ
1685 1706 2019 1761 ἁμπελουργεῖν.

331 1771 752 1832 Ἀριστοφάνης.
785 1773 950 1831 Phryn.
982 1775 1052 1828 52,
1083 1774 1112 1815 4
1142 1775 1240 1816 Bor:
1275 1776 1584 1831 ἀμπελουργεῖ·
1617 1772 1800 1830 δόκιμον.
1824 1772 1913 1816 Cfr.
1936 1774 2020 1815 Lu·

317 1845 427 1891 βίαι).
460 1844 512 1886 V.
546 1844 600 1886 H.
635 1847 673 1895 1,
706 1846 780 1898 393
811 1844 923 1886 Plut.
957 1844 1123 1901 Philop.
1154 1846 1193 1887 4.

1134 1940 1204 1981 44.

1037 2009 1286 2068 ἀμυκλᾷδεσ.

458 2103 580 2146 Phor„
613 2104 752 2147 Berol.
786 2106 856 2157 98,
887 2105 931 2146 4:
965 2102 1213 2162 ἁμυκλᾷδεσ·
1248 2102 1532 2159 ὑποδημάτων
1563 2102 1686 2147 εἶδοσ.
1719 2102 2012 2160 προσγράφε-

316 2192 388 2220 ται
418 2175 494 2231 μὲν
523 2177 578 2219 τὸ
608 2186 633 2225 t,
666 2178 717 2220 οὐ
745 2176 821 2232 μὲν
851 2176 919 2220 καὶ
950 2178 1284 2233 συνεκφωνεῖται.
1317 2175 1515 2226 κέκληται
1547 2172 1595 2217 δὲ
1625 2175 1720 2218 ἀπὸ
1740 2177 1825 2218 τῶν
1862 2176 1907 2217 έν
1926 2171 2019 2218 Λα-

317 2243 528 2301 κεδαίμονι
562 2243 787 2302 Ἀμυκλῶν,
820 2248 877 2291 ὼσ
908 2249 996 2290 ἐκεῖ
1020 2243 1437 2300 κατασκευαζομένου
1472 2248 1547 2289 τοῦ
1565 2244 1766 2289 τοιούτου
1792 2242 2015 2300 ὑποδήμα-

317 2326 409 2361 τοσ·
443 2316 579 2361 οὕτωσ
622 2314 1027 2375 Ἀριστοφάνησ
1058 2317 1125 2360 καὶ
1159 2314 1378 2375 Φρύνιχος
1408 2314 1477 2371 (fr.
1500 2315 1526 2356 5
1550 2316 1619 2369 D).
1650 2313 1740 2358 Ofr.
1773 2313 1878 2356 Hes.
1909 2316 2014 2370 ἀμυ-

317 2385 498 2431 κλαῖδεσ·
533 2385 644 2431 εἶδοσ
677 2386 956 2443 ὑποδήματοσ
995 2390 1270 2431 πολυτελοῦσ
1309 2385 1560 2435 Λακωνικοῦ,
1602 2387 1670 2430 καὶ
1710 2387 1842 2429 πόλισ
1898 2382 2016 2440 Ἀμύ-

317 2459 426 2501 κλαι.
459 2482 515 2488 -
550 2456 756 2512 Crepidas
788 2457 998 2514 quasdam
1030 2456 1229 2515 Amyclis
1277 2456 1493 2498 confectas
1539 2471 1633 2498 esse
1665 2462 1845 2497 testatur
1886 2455 2015 2496 etiam

317 2525 423 2569 Poll.
456 2526 558 2575 VII,
591 2527 646 2569 88
679 2527 830 2571 dicens
861 2526 1119 2584 ἀμυκλαΐδασ
1149 2542 1243 2569 esse
1276 2526 1665 2585 ε’λευθερικώτερον
1697 2524 1908 2581 ὑπόδημα.
1940 2524 2015 2577 δη·-

317 2601 422 2643 λοῦν
452 2596 501 2642 δὲ
531 2598 669 2651 κλήσει
699 2601 779 2643 τὸν
808 2600 966 2643 τόπον.
1014 2599 1136 2651 Quae
1167 2597 1367 2654 crepidae
1399 2598 1575 2654 ἀμύκλαι
1608 2611 1774 2653 quoque
1806 2595 2012 2638 diceban-

317 2674 398 2710 tur.
429 2666 519 2710 cfr.
551 2667 730 2711 Theuor.
766 2669 833 2723 10,
865 2669 932 2712 35.
966 2668 1084 2712 Suid.
1119 2685 1149 2710 s.
1181 2684 1221 2711 v.
1267 2666 1473 2725 Ἀμύκλαι.

1132 2775 1200 2817 45.

809 2844 1100 2903 ἀμφορείδιον,
1134 2846 1519 2903 ἁμφορεαφόρουσ.

461 2937 581 2981 Phot.
615 2938 750 2981 Berol.
785 2939 882 2991 104,
913 2939 988 2981 21:
1035 2940 1419 2996 ἀμφορεαφόρουσ·
1452 2939 1555 2983 τοὺσ
1584 2936 1777 2994 μισθίουσ
1817 2937 1919 2981 τοὺσ
1959 2934 2015 2980 τὰ

316 3010 494 3067 κεράμια
527 3010 760 3067 φέροντασ.
793 3010 862 3053 καὶ
891 3011 1251 3067 ἀμφορεαφορεῑν
1280 3007 1349 3063 (fr.
1370 3008 1469 3064 299,
1499 3008 1527 3051 3
1548 3007 1608 3063 K)
1638 3008 1707 3052 καὶ
1737 3004 2015 3064 ἀμφορείδιον

317 3081 387 3125 καῖ
417 3078 674 3138 ἀμφορείδια
704 3079 821 3135 (Pae.
857 3079 961 3132 202;
993 3078 1109 3121 Ecal.
1141 3078 1271 3133 1119)
1316 3076 1733 3136 Ἀριστοφάνησ.
1766 3074 2016 3118 Verisimile

1966 3158 2010 3191 3&
