2280 3626
275 165 374 222 [879]
875 184 1198 211 surrnnunnruu
1217 183 1397 211 comeum
1929 170 1985 213 75

279 310 378 366 392,
410 311 482 353 n:
517 311 839 355 ἀναπόνιπτον·
872 308 1208 363 ἀνεξάλειπτον.
1241 308 1333 353 cfr.
1366 309 1642 367 Xenophont.
1664 311 1765 370 Cyr.
1788 313 1826 366 7,
1847 313 1886 367 5,
1908 313 1985 356 53:

279 380 426 429 ἇςττος
469 381 540 426 καὶ
584 380 774 427 ἄποτος.
807 405 863 412 -
895 379 1005 422 Plat.
1051 380 1234 423 Phaedr.
1266 396 1305 438 p.
1338 381 1426 424 259
1459 395 1494 424 e.
1529 407 1581 412 —
1614 382 1776 426 Herod.
1823 384 1864 440 3,
1909 383 1983 426 52:

279 453 497 512 ἀλουσίῃσί
521 471 572 498 τε
604 453 674 498 καὶ
703 453 878 512 ἀσιτίῃσι
911 454 1273 509 συμπεπτωκότα.
1305 478 1359 484 -
1383 451 1522 495 Lucil.
1554 454 1640 496 599
1673 469 1733 511 sq.
1764 453 1892 496 Marx
1913 454 1985 508 (de

276 523 508 577 Pacuvi0):
541 522 614 567 hie
645 523 869 566 cruciatur
899 523 1029 579 fame,
1060 523 1237 579 frigore,
1269 523 1447 580 inluvie,
1486 524 1728 581 inbalnitie,
1757 525 1984 581 inperfun-

279 594 411 647 ditie‚·
428 595 612 638 incuria.
629 620 685 626 —
704 596 776 638 Ar.
809 594 887 652 Eq.
919 595 1023 638 357:
1058 597 1365 640 ἀναπόνιπτος
1394 598 1617 653 λαρυγγιῶ
1646 597 1751 642 τοὺς
1778 597 1984 655 ῥήτορας.

903 702 974 744 Ex
1005 703 1174 745 ineerta
1204 701 1367 745 fabula.

1112 787 1152 828 4.

494 872 539 915 ἐν
570 873 794 930 χαλεπαῖς
824 873 981 928 ὀργαῖς
1011 868 1321 928 ἀναπηροβίων
1355 871 1773 928 <τρι>γερόντων.

420 952 543 995 Phot.
575 952 716 996 Berol.
751 954 848 1006 118,
884 953 956 995 10:
993 951 1298 1011 ἀναπηρόβιος
1331 956 1488 1006 <ἐν>
1522 957 1648 1013 ὀργῇ·
1684 951 1983 1015 Φρύνιχος·

279 1028 348 1083 ,ἐν
377 1027 671 1086 χαλεπαῖς
710 1022 820 1070 κτλ.’
855 1050 909 1055 -
944 1023 1033 1067 Cfr.
1066 1026 1139 1066 Ar.
1172 1026 1253 1067 Av.
1288 1024 1391 1068 685:
1434 1023 1589 1083 ἄνδρες
1628 1023 1898 1084 ἀμαυρόβιοι.
1931 1050 1987 1056 —-

281 1095 388 1140 Plat.
420 1095 473 1139 fr.
510 1097 563 1139 16
598 1097 657 1138 D:
691 1094 999 1156 αὐχμηρόβιος.

424 1168 518 1214 ὀργῇ
538 1168 656 1204 Reitz.
683 1168 809 1204 addito
836 1165 885 1212 ἐν]
913 1166 1004 1213 ὀργή
1029 1168 1061 1214 b,
1089 1181 1203 1215 quare
1227 1169 1336 1205 Blass
1363 1169 1443 1209 (ah.
1468 1169 1563 1205 Mus.
1598 1168 1703 1214 1907,
1736 1167 1822 1214 271)
1854 1169 1988 1209 ἀναπη-

280 1224 431 1274 ροβίοιςι
456 1226 637 1272 γερόντων
661 1228 895 1264 scribendum
920 1229 1104 1274 proponit.

917 1322 1184 1378 Fragmenta
1214 1322 1358 1365 dubia.

1115 1407 1154 1448 5.

1009 1487 1258 1548 ἀμυκλᾷδες.

422 1570 542 1615 Phot.
573 1570 712 1615 Berol.
745 1572 815 1624 98,
846 1573 892 1614 4:
938 1570 1190 1631 ἀμυκλᾷδες“
1234 1570 1521 1629 ὑποδημάτων
1562 1571 1720 1618 εἶδος..
1736 1608 1746 1617 .
1788 1573 1988 1625 κέκληται

282 1642 331 1689 δὲ
361 1645 456 1689 ἀπὸ
486 1647 572 1688 τῶν
603 1646 649 1688 ἐν
679 1641 962 1700 Λακεδαίμονι
1007 1641 1227 1700 Ἀμυκλῶν,
1260 1646 1318 1688 ὡς
1348 1646 1437 1688 ἐκεῖ
1460 1641 1880 1700 κατασκευαζομένου
1908 1646 1990 1688 τοῦ

282 1715 485 1760 τοιούτου
515 1713 809 1772 ὑποδήματος.
853 1715 991 1759 οὕτωσ
1045 1712 1356 1774 Ἀριστοφάνης
1386 1713 1454 1771 (fr.
1486 1715 1545 1757 44
1576 1714 1635 1771 D)
1676 1715 1745 1759 καὶ
1788 1712 1987 1773 Φρύνι-

281 1803 395 1847 χος.
437 1784 572 1828 Plura
604 1785 659 1828 de
700 1784 768 1827 his
812 1786 1004 1843 crepidis
1035 1786 1235 1828 invenies
1267 1787 1311 1827 in
1344 1785 1420 1828 Ar.
1451 1785 1504 1828 fr.
1535 1786 1594 1828 44
1626 1786 1679 1828 D.
1712 1811 1767 1817 -—
1800 1784 1988 1843 Phryni-

282 1856 412 1901 ehum
444 1857 661 1899 comicum
692 1855 766 1899 hie
796 1856 967 1898 laudari
1000 1864 1153 1913 putant
1182 1857 1477 1900 Reitzenstein
1508 1858 1565 1914 (p.
1587 1856 1722 1913 XXI)
1753 1864 1795 1899 et
1825 1856 1989 1898 Koerte

281 1928 420 1984 (Burs.
451 1927 649 1971 Jahresb.
685 1929 812 1980 1911,
844 1929 960 1981 251),
982 1928 1287 1987 Phrynichum
1311 1928 1545 1985 sophistam
1568 1928 1853 1986 probabiliter
1884 1928 1986 1970 Bor-

281 2000 369 2042 ries
400 1998 579 2058 (Phryn.
611 1999 730 2057 soph.
763 2000 815 2042 ir.
850 2000 918 2055 16,
950 2014 988 2056 p.
1025 2000 1120 2055 134,
1152 2000 1207 2056 9).

1117 2107 1156 2149 6.

1051 2188 1214 2244 ςκυζᾶν.

427 2271 547 2314 Phot.
580 2272 719 2315 Berol.
757 2274 851 2327 122,
882 2275 929 2316 4:
961 2271 1208 2327 ἀναςκυζᾶν·
1243 2274 1319 2318 ε’πῖ
1347 2277 1428 2318 τοῦ
1458 2272 1695 2331 ἐξοιστρεΐν
1725 2274 1794 2318 καὶ
1824 2275 1987 2318 ἀκολα-

286 2360 477 2388 σταινειν.
510 2344 580 2388 καῖ
612 2342 815 2398 ε’κςκυζᾶν
855 2343 1069 2403 Κρατῖνος
1100 2344 1170 2400 (fr.
1203 2346 1260 2387 25
1292 2343 1364 2400 D),
1409 2342 1694 2405 Φρύνιχος
1734 2342 1782 2388 δὲ
1822 2341 1986 2397 ςκυζᾶν.

284 2414 395 2457 Uter
424 2413 705 2471 Phrynichus
737 2414 952 2466 laudetur,
983 2430 1070 2457 non
1103 2416 1328 2473 perspicio.
1364 2414 1453 2458 Ofr.
1485 2414 1648 2473 Phryn.
1682 2414 1797 2472 soph.
1832 2417 1900 2471 18,
1934 2415 1988 2457 13

286 2486 403 2528 Borr.
435 2484 505 2542 (fr.
537 2485 682 2542 adesp.
715 2487 803 2531 930
835 2493 876 2529 et
911 2488 1027 2531 1139
1059 2487 1138 2543 K):
1170 2485 1406 2541 ἀνασκυζᾶν
1436 2488 1506 2532 καῖ
1536 2485 1699 2541 ςκυζᾶν·
1734 2484 1884 2541 ςκυζᾶν
1913 2487 1989 2543 μέν

286 2558 373 2602 ἐστι
403 2558 458 2602 τὸ
489 2559 609 2615 πρὸς
642 2559 697 2602 τὸ
727 2557 915 2618 πάσχειν
946 2561 1088 2615 ὀργῆν
1118 2559 1186 2603 καὶ
1205 2556 1379 2604 τιῖὓεται
1401 2559 1475 2603 ἐπὶ
1495 2562 1581 2603 τῶν
1602 2558 1816 2616 νεωτέρων
1837 2556 1862 2610 ἢ
1882 2558 1988 2602 παί-

286 2625 369 2672 δων
399 2626 424 2680 ἢ
452 2632 670 2684 γυναικῶν·
707 2630 763 2673 τὸ
794 2627 842 2673 δὲ
875 2627 1111 2683 ἁνασκυζᾶν
1143 2630 1324 2685 σημαίνει
1353 2630 1429 2685 μὲν
1462 2631 1628 2680 <τὸ>
1663 2630 1783 2679 αὐτό,
1816 2626 1988 2673 ‘aflerat

286 2697 334 2743 3&
366 2699 441 2743 ἐπὶ
469 2703 555 2743 τῶν
585 2697 906 2757 πρεσβυτέρων.

1120 2784 1157 2825 7.

865 2864 1121 2924 ἀνθρωπικὴ
1152 2867 1413 2924 παρασκευή.

430 2946 552 2990 Phot.
577 2946 714 2990 Berol.
740 2948 835 2998 140,
859 2949 932 2990 24:
966 2946 1223 3004 ἀνθρωπικὴ
1254 2950 1515 3007 παρασκευή·
1548 2948 1591 2994 Φ
1600 2950 1719 3006 ρύνι
1731 2965 1845 3008 χος.
1880 2950 1990 3005 ἐρεῖς

289 3017 338 3064 δὲ
367 3020 437 3064 καὶ
467 3019 588 3078 φωνὴ
619 3020 688 3064 καὶ
718 3018 882 3064 διάνοια
917 3020 1095 3071 <καὶ>
1140 3018 1280 3064 δίαιτα
1311 3021 1380 3065 καὶ
1411 3021 1452 3065 εἴ
1475 3039 1515 3065 τι
1548 3020 1673 3065 ἄλλο.
1707 3045 1763 3050 -
1796 3018 1886 3063 Cfr.
1919 3020 1989 3062 Ar.
