2280 3626
282 191 341 234 36
907 209 1081 236 tomum
1103 203 1362 237 ununnkczux
1897 195 1998 244 [01⁰]

1108 375 1124 413 1
1137 371 1174 414 3.

1015 464 1266 525 ἀνεφθάρη.

426 559 549 604 Phot.
582 559 720 604 Bon-01.
754 561 853 613 135,
884 562 928 605 2:
961 559 1211 620 ἀνεφθάρη·
1235 562 1330 606 ἀντὶ
1361 565 1442 607 τοῦ
1470 561 1580 619 μετὰ
1611 560 1798 621 φθορᾶς
1826 564 1995 617 ἀνέστη.

282 629 564 690 Κρατῖνος
602 628 811 690 Ὥραις.
846 631 932 676 Cfr.
967 635 1038 675 Ar.
1072 633 1153 675 Av.
1187 633 1292 675 916:
1334 632 1446 678 κατὰ
1477 634 1527 678 τί
1550 630 1665 691 δεῦρ’
1708 630 1997 693 ἀνεφθάρης-ς

1107 752 1173 794 14.

1027 833 1247 879 ἀντίδοςις.

424 927 545 971 Phot.
577 928 715 971 Berol.
752 930 848 982 147.
883 931 957 971 23:
989 928 1213 975 ἁντίδοςις·
1243 931 1295 974 οὐ
1313 931 1446 985 μόνον
1466 930 1542 975 ἐπὶ
1562 930 1862 990 τριηραρχίας.
1892 927 1994 976 ἀλλ’

280 1001 356 1045 ἐπὶ
387 1002 559 1045 παντὸς
590 1001 682 1045 οἴου
712 1018 762 1045 τε
793 999 1086 1053 ἀποδοθῆναι·
1118 998 1403 1058 Κρατῖνος
1439 997 1650 1059 Ὥραις.

422 1069 651 1129 Κρατῖνος]
683 1079 788 1129 κραι
820 1070 912 1114 cod.
945 1072 979 1126 b,
1026 1066 1139 1128 q'uod
1173 1070 1482 1128 oompendium
1514 1070 1674 1128 alioqui
1707 1085 1785 1128 pro
1817 1071 1995 1114 nomino

279 1140 456 1200 Κράτης
487 1151 729 1199 usurpatur.

893 1237 961 1279 Ex
994 1238 1174 1280 incertis
1206 1237 1280 1279 fab
1287 1236 1381 1280 ulis.

1106 1323 1171 1364 15.

1016 1406 1259 1461 αὐτόνομοι.

422 1497 526 1541 Lex.
561 1496 749 1541 Sabbait.
783 1501 823 1554 l,
861 1500 932 1541 12:
966 1501 1209 1556 αὐτόνομοι·
1243 1497 1541 1557 Κρατῖνος.
1578 1499 1648 1544 καὶ
1668 1499 1879 1557 Ξενοφῶν
1898 1496 1992 1544 Λα-

277 1570 418 1614 κώνων
448 1571 652 1629 πολιτείᾳ
684 1570 741 1626 (3,
777 1570 829 1626 1)·
865 1572 1143 1626 ,αὐτονόμους
1175 1568 1375 1629 ἀφιᾶςιν’.
1411 1594 1467 1601 -
1499 1568 1587 1614 Gfr.
1619 1567 1773 1627 Polyb.
1806 1567 1885 1623 IV,
1921 1566 1994 1625 2¹1,

278 1641 323 1682 5:
358 1642 563 1699 ἀφιέντες
592 1641 674 1686 τὰς
704 1643 861 1687 πόλεις
892 1639 1135 1700 ἐλευθέρας
1165 1642 1233 1686 καὶ
1265 1643 1540 1698 αὐτονόμους.
1563 1666 1620 1671 -
1638 1639 1749 1683 Plut.
1772 1638 1899 1682 Rom.
1921 1639 1992 1684 2⁰1.

277 1710 570 1767 ἀβασίλευτον
603 1713 743 1757 ...καὶ
774 1714 1015 1768 αὐτόνομον
1044 1713 1285 1757 πολιτείαν.

1103 1845 1169 1886 16.

422 1925 652 1969 Philetaer.
686 1926 828 1968 Vatia.
860 1925 1013 1981 (Cohne
1059 1925 1136 1968 Rh.
1182 1927 1292 1968 Mus.
1329 1926 1457 1979 1888,
1500 1941 1538 1983 p.
1571 1926 1692 1982 413):
1734 1926 1883 1982 λαγὼς
1921 1924 1991 1971 διὰ

278 2002 358 2042 τοῦ
390 2002 423 2042 ὦ
451 1997 652 2054 μεγάλου
683 2001 708 2042 ὀ
739 2001 945 2058 χερσαῖος
976 1997 1103 2055 παρὰ
1134 2001 1228 2043 τοῖς
1263 1995 1480 2043 Ἀττικοῖς.
1513 1999 1656 2054 λαγὸς
1685 1995 1734 2042 δὲ
1764 2000 1790 2041 6
1822 1998 1992 2043 ἀστεῖος

276 2067 376 2125 (leg.
408 2067 679 2125 θαλάςςιος).
714 2069 844 2127 φαςὶν
874 2068 922 2114 δὲ
953 2073 1114 2115 τοῦτον
1142 2070 1212 2115 καὶ
1233 2071 1298 2114 ἱὸν
1318 2069 1447 2129 ἔχειν,
1480 2066 1591 2114 ὅθεν
1621 2069 1691 2113 καῖ
1722 2068 1859 2114 τοὺς
1887 2086 1990 2114 πο·-

279 2140 483 2198 νηροὺς
514 2143 539 2184 6
572 2138 856 2198 Κρατῖνος
886 2141 1102 2196 λαγοὺς
1132 2139 1175 2194 (Ι.
1207 2140 1411 2196 λαγὼς)
1441 2143 1613 2185 καλεῖ.
1635 2139 1800 2183 —Ofn
1823 2138 1989 2198 Phryn.

278 2212 365 2255 186
395 2210 519 2254 Lob.:
549 2212 697 2268 λαγὼς
728 2215 754 2256 6
790 2209 993 2268 Ἀττικός,
1024 2210 1092 2256 διὰ
1123 2210 1172 2256 δὲ
1202 2214 1283 2256 τοῦ
1313 2217 1337 2253 ὃ
1366 2212 1509 2268 λαγὸς
1538 2214 1564 2255 6
1594 2208 1691 2255 Ἴων.
1719 2208 1874 2253 Athen.
1906 2208 1992 2266 11,

275 2282 365 2324 400
397 2280 442 2324 d:
474 2283 646 2338 λέγουςι
677 2280 726 2327 δὲ
756 2283 826 2327 καὶ
860 2279 1046 2328 Ἀττικοὶ
1085 2284 1227 2339 λαγὸς
1268 2285 1325 2327 ὡς
1365 2284 1391 2326 6
1432 2279 1679 2340 Σοφοκλῆς.
1722 2281 1790 2324 De
1831 2281 1991 2338 lepori·

277 2352 433 2394 marini
468 2352 511 2395 vi
545 2352 740 2396 venefica
772 2352 889 2395 esras
921 2354 1180 2409 testimonia,
1199 2367 1309 2410 quae
1338 2351 1515 2408 collegit
1535 2351 1664 2395 Kock
1687 2351 1742 2395 ad
1763 2351 1989 2410 Amipnino

278 2423 329 2464 fr.
364 2423 431 2467 18.

1102 2507 1167 2550 17.

954 2591 1170 2647 πατρικὸς
1200 2590 1256 2634 ὢν
1289 2588 1417 2643 ξένος

562 2659 667 2705 τάδε
699 2658 984 2717 πυνθάνομαί
1009 2678 1095 2706 ςου.

418 2753 651 2798 Philemon
684 2754 824 2798 Vatia.
845 2753 997 2810 (Oohn,
1017 2753 1098 2798 Rb.
1121 2754 1176 2797 M.
1204 2754 1330 2810 1888,
1362 2769 1399 2811 p.
1431 2755 1553 2808 414):
1587 2756 1803 2812 πατρικὸς
1833 2754 1986 2813 φίλος.

275 2826 374 2887 οὐχὶ
405 2829 630 2886 πατρῷος,
652 2826 721 2871 καὶ
742 2829 767 2870 6
788 2823 1059 2884 Κρατῖνος·
1094 2828 1353 2885 πατρικὸς
1379 2826 1443 2871 ὢν
1474 2824 1627 2880 ξένος
1657 2822 1986 2882 πυνθάνομαι

275 2895 398 2942 τάδε
428 2914 525 2943 ςου.
558 2895 727 2939 Versus
760 2895 983 2940 distribuit
1013 2895 1149 2941 Oohn.
1175 2895 1264 2942 Cfr.
1297 2896 1555 2939 Ammonius
1586 2910 1614 2954 p
1648 2895 1734 2940 108
1765 2892 1986 2939 Vdokenz

277 2972 467 3028 πατρῷα
480 3003 490 3014 .
504 3003 514 3014 .
529 3003 539 3014 .
572 2967 629 3013 τὰ
660 2970 708 3013 ἐκ
737 2969 943 3025 πατέρων
974 2971 1033 3013 εἰς
1065 2968 1177 3014 υἱοὺς
1208 2971 1450 3029 χωροῦντα·
1473 2967 1681 3025 πατρικοῖ
1710 2965 1759 3012 δὲ
1789 2965 1816 3019 ἢ
1845 2965 1986 3025 φίλος

276 3038 302 3090 ἢ
334 3037 474 3091 ξένος.
497 3037 635 3082 Thac.
656 3037 777 3094 vm,
797 3038 842 3081 6:
866 3040 1082 3096 πατρικὸς
1104 3036 1245 3092 ξένος.
1270 3039 1344 3081 Ar.
1367 3038 1448 3080 Av.
1475 3038 1573 3081 142.
1594 3039 1812 3096 πατρικὸς
1830 3036 1984 3095 φίλος.
