2280 3626
261 231 359 279 [2⁹3]
749 278 767 281 ι,
856 248 1173 275 summumne-rum
1196 247 1374 275 comeum
1907 232 1964 275 89

400 375 588 434 Didymi
619 374 858 419 comment.
890 374 945 417 de
974 374 1201 418 Demosth.
1231 373 1291 431 X,
1324 375 1380 417 70
1420 374 1546 431 (Barl.
1577 374 1899 419 Rhea-Texta
1930 375 1965 431 Ι,

260 463 300 506 p.
330 448 406 502 453
438 447 518 491 col.
553 449 621 500 10,
651 448 713 504 3):
754 446 832 494 δύο
876 444 1186 506 Ἀριστομήδεισ
1225 449 1391 492 εἰσιν...
1424 447 1579 505 ἕτεροσ
1614 446 1663 492 δὲ
1693 448 1742 492 ὃν
1775 451 1845 492 νῦν
1875 445 1963 500 Δη-

258 518 475 578 μοσθένησ
504 518 711 574 διέξεισιν,
758 517 998 572 Ἀθηναῖοσ,
1030 522 1065 563 ὁ.
1087 517 1286 564 Χαλκοῦς
1314 520 1573 575 λεγόμενοσ.
1589 555 1598 563 .
1614 555 1623 564 .
1646 520 1715 564 καὶ
1735 522 1777 564 οἱ
1797 520 1963 575 κωμικοὶ

261 589 300 638 δ’
331 593 466 638 αὐτοῦ
504 592 815 649 μνημονεύουσι,
858 588 1070 649 καθάπερ
1117 588 1316 647 Φιλήμων
1346 589 1415 646 (fr.
1449 591 1472 632 1
1506 589 1567 646 D)
1689 588 1967 647 Τιμοκλῆς

259 660 299 708 δ’
331 666 379 708 ἐν
415 660 593 722 Ἥρωσιν
622 661 692 718 (fr.
726 664 750 705 1
783 662 843 719 D)
876 663 1018 708 ...καὶ
1046 665 1092 707 έν
1136 660 1404 721 Ἰκαριόισ·
1438 660 1721 720 ,Μαρσύαν
1751 660 1860 707 κτλ.’

402 746 436 781 2.
463 746 603 791 καμίνυι
628 745 700 791 αἱ]
727 760 888 791 καμεινωι
912 759 996 793 pap.
1026 765 1068 770 -
1094 743 1260 791 συρίξητε
1284 743 1448 791 Wilam]
1473 743 1637 791 συριζητε
1661 758 1745 792 pap.

402 805 473 848 De
502 805 775 849 Aristomede
806 804 931 863 plura
961 806 1161 848 invenies
1192 806 1237 847 in
1269 804 1451 848 Philem.
1482 804 1534 847 fr.
1569 806 1591 847 1
1624 804 1751 847 D.-
1771 805 1962 859 Quinam

261 877 463 921 Autooles
494 892 519 920 a
550 884 676 935 poeta
706 877 921 933 laudetur,
951 878 1167 920 incertum
1200 884 1276 920 est.
1314 876 1402 922 Cfr.
1433 875 1664 933 Theophili
1697 876 1749 918 fr.
1780 878 1820 931 2,
1852 877 1880 919 3
1913 878 1965 918 K.

879 998 950 1040 Ex
980 998 1148 1041 ineerta
1178 996 1337 1041 fabula.

1094 1083 1135 1125 3.
1412 1112 1415 1113 γ

1042 1163 1156 1211 &ebe
1185 1166 1263 1223 μὲν
1292 1163 1455 1218 δηλαδὴ

761 1236 916 1294 ἀγαθὴ
954 1235 1074 1298 Τύχη
1103 1235 1145 1282 τ’
1177 1238 1350 1282 ἔνεστιν.

405 1319 527 1363 Phot.
558 1320 696 1365 Berol.
729 1322 770 1372 8,
800 1321 877 1363 23:
915 1319 1070 1380 ἀγαθῇ
1106 1319 1239 1381 Τύχῃ·
1273 1324 1417 1372 τοῦτο,
1442 1321 1822 1379 προγραφόμενον
1852 1320 1966 1365 οῖον-

263 1394 341 1438 ται’
365 1411 478 1438 τινεσ
511 1397 563 1443 <
568 1427 673 1438 .....
679 1398 731 1444 >
766 1394 866 1438 ἔνιοι
896 1391 945 1438 δὲ
974 1390 1264 1450 προστιθέασι
1294 1394 1350 1437 τὸ
1379 1393 1448 1437 καὶ
1477 1390 1601 1442 Sede,
1633 1394 1691 1437 ὼσ
1720 1389 1904 1437 Πλάτων
1925 1395 1969 1436 ἐν

261 1462 320 1522 γ’
344 1462 492 1521 Νόμων
522 1463 617 1519 (VI,
649 1479 687 1521 p.
721 1465 805 1507 757
838 1466 891 1518 e)·
923 1468 1007 1521 ,νῦν
1038 1463 1086 1509 δὲ
1115 1462 1228 1509 θεὸν
1258 1465 1328 1509 καὶ
1364 1461 1507 1524 Τύχην
1538 1461 1718 1520 ἀγαθὴν
1748 1467 1794 1508 ἐν
1824 1466 1970 1524 εὐχαΐσ

263 1533 604 1593 ε’πικαλούμεθᾰ
636 1537 706 1581 καὶ
743 1534 1035 1592 Τιμοκλῆς·
1069 1533 1225 1586 ,θεὸς
1252 1536 1351 1592 μὲν
1380 1533 1490 1580 κτλ.’
1518 1560 1574 1566 —-
1597 1534 1686 1579 Cfr.
1718 1549 1831 1577 mon.
1864 1535 1968 1577 247:

263 1605 357 1668 ‚begs
385 1605 604 1668 μάχεσθαι
635 1606 773 1652 δεινόν
804 1610 892 1653 ἐστι
922 1608 991 1652 καὶ
1020 1607 1144 1668 τύχῃ.

618 1726 933 1771 ADESPOTA
962 1725 1219 1771 VETERIS
1249 1726 1614 1771 COMOEDIAE.

1098 1814 1135 1855 1.

617 1895 670 1938 A·
701 1895 898 1941 δέσποτα
929 1894 1134 1941 Πλούτων
1162 1896 1556 1954 μελανοπτερύγων
1578 1919 1632 1925 -

616 1967 662 2010 Β.
694 1968 818 2012 τουτὶ
847 1966 998 2013 δεινόν·
1030 1967 1533 2026 π<υρ>ροπτερύγων

697 2041 807 2085 αὐτὸ
836 2040 1031 2093 ποίησον.

410 2122 631 2177 [Demetr.]
663 2123 769 2180 περὶ
798 2124 1019 2181 ἑρμηνείασ
1052 2124 1155 2166 143:
1187 2122 1212 2175 ἢ
1244 2126 1290 2167 ἐκ
1321 2120 1533 2167 συνθέτου
1563 2123 1779 2178 ὀνόματος
1808 2122 1876 2166 καὶ
1907 2119 1969 2165 δι-

266 2192 548 2251 θυραμβικοῦ·
580 2192 848 2243 ,δέσποτα
880 2193 1002 2248 mxl,
1043 2194 1070 2239 ἃ
1101 2194 1286 2250 μάλιστα
1316 2192 1367 2246 δὴ
1407 2191 1620 2253 κωμῳδικὰ
1661 2191 1845 2249 παέγνιά
1884 2195 1970 2237 ἐστι

265 2266 333 2310 καὶ
378 2264 592 2323 σατυρικά.
640 2290 696 2295 -
738 2264 903 2307 Versus
952 2266 1089 2308 veteri
1134 2264 1382 2308 comoediae
1429 2263 1629 2306 attribuit
1677 2263 1970 2306 Wilamowitz

266 2335 433 2392 (Herm.
468 2337 594 2387 1905,
627 2337 742 2392 126),
787 2352 843 2380 ex
874 2352 1013 2393 agone
1059 2351 1132 2379 eos
1179 2335 1428 2393 desumptos
1474 2350 1570 2377 esse
1617 2342 1765 2378 censet
1812 2335 1970 2377 Koerte

267 2406 406 2463 (Burs.
436 2406 588 2451 Jahrb.
622 2409 750 2462 1911,
785 2423 824 2465 p.
855 2409 973 2464 253).

411 2490 440 2525 1.
470 2488 640 2527 Πλούτων
672 2490 774 2536 Wil.]
807 2493 967 2527 πλοῦτον
993 2490 1032 2527 Ρ.
1063 2512 1103 2516 -—
1131 2492 1163 2527 2.
1196 2490 1504 2538 πυρροπτερύγων
1539 2489 1639 2535 Wil.]
1674 2489 1748 2534 πρὸ
1783 2489 1970 2535 πτερύγων

270 2551 348 2586 eod.
378 2569 419 2574 -
446 2550 479 2584 3.
506 2549 597 2585 αὐτὸ
622 2548 716 2595 cod-1
743 2549 874 2586 αὐτοὺς
898 2552 1012 2587 fuisse
1038 2553 1248 2598 suspicatur
1271 2552 1421 2588 Koorte.

1098 2648 1136 2690 2.

412 2729 514 2771 Hes·
547 2729 732 2783 σκάνδιξ·
766 2730 962 2790 λάχανον
1003 2730 1169 2789 ἄγριον,
1217 2733 1342 2788 παρὸ
1388 2732 1457 2775 καὶ
1502 2729 1970 2782 σκανδικοπώλην

268 2803 347 2846 τὸν
380 2798 614 2857 Εὐριπίδην
654 2802 862 2857 λέγουσιν,
906 2800 1055 2854 ἐπειδὴ
1098 2804 1524 2862 λαχανοπωλητρίασ
1564 2803 1652 2846 υἱὸν
1692 2803 1825 2845 αὑτὸν
1867 2800 1975 2845 εἶναι’

268 2879 409 2930 φασιν.
452 2870 683 2927 Euripides
730 2872 833 2928 quin
865 2871 919 2913 ab
954 2870 1237 2929 Aristophane
1285 2871 1468 2930 aliisque
1515 2873 1676 2915 veteris
1724 2871 1969 2914 comoediae

270 2943 404 3000 poetis
436 2943 498 2983 sie
531 2942 773 2984 nominatus
806 2942 949 2996 fuerit,
981 2942 1159 2984 minime
1193 2942 1492 2985 dubitandum.
1515 2943 1602 2986 Cfr.
1625 2943 1697 2984 Ar.
1721 2943 1799 2998 Eq.
1826 2944 1891 2985 19.
1914 2942 1968 2998 μή

267 3032 335 3070 μοι
366 3012 702 3074 διιισκανδικισῃσ.
739 3012 839 3056 Aeh.
871 3014 970 3055 474.
1003 3013 1176 3056 Thesm.
1209 3014 1306 3056 394.
1342 3039 1396 3045 -—
1429 3014 1550 3057 Suid.
1584 3031 1614 3055 s.
1649 3030 1688 3057 v,
1721 3012 1906 3066 σκάνδιξ.
