2280 3626
319 154 374 197 16
937 167 1111 196 mum
1130 160 1393 195 namneum
1925 145 2029 197 1²¹⁰}

1141 295 1208 337 15.

1101 392 1127 435 ὁ
1157 390 1234 447 μέν
1263 407 1330 435 τις
1360 389 1591 446 ἀμπέλους

795 465 966 520 τρυγῶν
996 460 1061 512 ἄν.
1094 464 1120 506 ὁ
1151 458 1190 506 δ’
1222 461 1421 520 ἀμέργων
1451 459 1597 505 ε’λάας.

461 556 582 602 Phot.
620 555 761 601 Borol.
803 556 874 607 91,
915 556 959 599 5:
1003 557 1217 615 dpe'pyew·
1259 557 1569 614 καρπολονγεΐν.
1615 552 2033 614 Ἀριστοφάνης

316 628 526 683 Νήςοις·
561 631 600 680 ,ὁ
630 629 726 686 μέν
755 645 844 674 τις
873 625 981 673 arr-M
1004 652 1060 659 —
1082 626 1173 671 Ost.
1194 628 1309 670 Euat.
1331 626 1432 682 838,
1451 626 1510 669 55
1530 626 1604 683 (οι
1625 624 1872 682 Pausania):
1892 625 2032 684 ἀμέρ-

315 719 410 758 γειν
440 700 574 757 ἤγουν
603 702 903 758 καρπολογεῖν
942 698 1035 744 οἷον
1064 701 1153 749 κτὲ,
1198 697 1314 741 unde
1355 696 1496 740 Kook.
1538 696 1591 741 fr.
1633 695 1780 754 adesp.
1820 696 1908 739 437
1950 709 2028 739 ox-

317 772 564 830 scripserat.

460 843 649 888 ἀμπέλους
674 843 776 879 Eust-
803 839 934 887 Restm]
959 840 1128 885 ἀμπέλου
1153 842 1234 877 eod.
1259 840 1292 877 b.

1141 949 1209 991 16.

705 1045 878 1103 ἄμυλος.
911 1044 1109 1105 τάριχος,
1142 1045 1268 1094 πυός,
1303 1041 1486 1104 ῖςχάὸες,
1517 1046 1649 1102 φακῆ.

463 1141 582 1184 Phot.
613 1140 750 1185 Berol.
782 1141 852 1191 97,
899 1139 975 1183 20:
1016 1139 1215 1196 ἀμύλους·
1258 1139 1328 1184 καὶ
1366 1140 1447 1184 τὸν
1487 1137 1649 1195 ἄμυλον
1689 1140 1914 1197 ἀρςενικῦς
1952 1138 2033 1184 λέ·

316 1232 448 1271 γουςι.
485 1218 536 1263 <
549 1211 902 1266 Τηλεκλείδης>·
935 1210 1004 1267 (fr.
1037 1211 1095 1253 32
1128 1210 1205 1267 K):
1238 1211 1391 1271 ,χαίρω
1430 1211 1620 1271 λαγῴοις
1659 1207 1732 1255 ἐπ’
1775 1209 1920 1270 ἀμύλῳ
1948 1226 2033 1255 κα·

316 1283 549 1342 ,ὃημένοιςᾞ
582 1282 801 1343 Στράττις
821 1281 1118 1342 Καλλιππίδῃ·
1147 1281 1215 1335 (fr.
1238 1282 1265 1324 2
1288 1281 1346 1338 D)
1378 1280 1469 1332 ,δὸς
1500 1285 1571 1326 νῦν
1600 1283 1680 1326 τὸν
1710 1280 1874 1338 ἄμυλον
1901 1283 2031 1339 πρῦ-

316 1375 398 1403 τον
418 1359 533 1416 αὐτῷ
551 1356 737 1401 τουτονί.
778 1352 1197 1414 Αριςτοφάνης
1226 1351 1455 1407 Νήςοις.
1489 1351 1701 1409 ἄμυλος
1730 1349 1840 1398 κτλ.’
1859 1349 2029 1396 —Ofn

319 1427 421 1471 Hes.
455 1427 653 1485 ἀμύλους
686 1429 978 1471 πλακοῦντας.
1003 1450 1059 1455 -
1091 1423 1349 1477 Pher.108‚
1385 1425 1436 1466 17
1470 1423 1531 1466 Κ;
1558 1423 1731 1482 πλευρὰ
1761 1420 2031 1483 δελφάκει’..

319 1497 393 1545 ἐπ’
425 1499 603 1556 ἀμύλοις
632 1495 865 1555 καθήμενα.
898 1498 971 1541 Ar.
993 1497 1090 1540 Pae.
1114 1497 1247 1539 115οε
1279 1494 1330 1549 ἦν
1359 1494 1409 1541 δὲ
1438 1496 1507 1541 καὶ
1536 1497 1652 1540 πυός
1680 1513 1748 1541 τις
1777 1494 1847 1540 καὶ
1875 1496 2031 1555 λαγῷα

318 1572 527 1629 τέτταρα.
563 1594 617 1601 -
651 1572 725 1611 Ar.
758 1568 810 1611 fr.
843 1569 901 1612 23
932 1568 991 1611 Κ”
1023 1569 1141 1613 ὄςτις
1181 1570 1325 1626 φακῆν
1355 1565 1525 1621 ἥδιστον
1555 1567 1684 1625 ὄψων
1711 1564 1938 1625 λοιδορεῖς.
1970 1589 2022 1598 -

318 1641 487 1684 Versus
518 1641 563 1683 in
595 1639 748 1683 eadem
781 1639 955 1682 fabulae
986 1646 1108 1696 parte
1140 1638 1276 1681 fuisse
1307 1637 1495 1689 videtur,
1527 1638 1572 1680 in
1603 1652 1690 1695 qna
1710 1636 1763 1680 fr.
1795 1637 1880 1682 387
1913 1637 1969 1680 Κ.

471 1710 727 1758 Ἀριςτοφάνης
743 1709 879 1752 Νήςοις
904 1709 1036 1755 Boia]
1080 1708 1230 1751 Ἀνήςοις
1255 1711 1336 1746 eod.
1362 1709 1382 1743 b
1415 1710 1463 1752 (A
1498 1711 1621 1747 colore
1658 1710 1771 1746 rubro
1804 1709 1957 1756 script.)-
1980 1726 2034 1735 -

318 1770 424 1817 πυός]
449 1771 555 1807 ποιός
581 1773 661 1808 cod.
689 1771 720 1806 b.

1142 1867 1207 1909 17.

626 1965 677 2008 οὐ
706 1963 797 2022 γὰρ
828 1962 876 2008 ςὺ
906 1963 1122 2023 παρέχεις
1155 1959 1446 2021 ἀμφιέςαςθαι
1477 1964 1539 2021 τῷ
1568 1978 1722 2019 πατρι.

464 2057 584 2101 Phot.
616 2057 753 2102 Berol.
789 2058 887 2115 100,
919 2057 995 2100 22:
1027 2054 1332 2116 ἀμφιέςαςδαι·
1369 2054 1785 2115 Ἀριςτοφάνης
1816 2052 2032 2113 Πελαρ-

317 2134 456 2188 γοῖς·
491 2133 568 2182 ,οὐ
596 2130 705 2188 γὰρ
737 2131 794 2175 cf}
825 2127 925 2175 eet-&J
960 2154 1015 2160 -
1048 2127 1116 2170 De
1148 2127 1237 2171 filio
1268 2128 1439 2184 ingrato
1471 2127 1655 2183 cogitari
1687 2132 1836 2184 potest.

1035 2341 1310 2402 ἀμφίςβαινα

466 2437 585 2482 Phot„
618 2437 758 2482 Borol.
793 2438 891 2494 103,
923 2438 998 2481 22.
1030 2435 1426 2496 ἀμφι’<ς>βαινα’
1460 2438 1564 2495 ὄφις
1593 2439 1620 2481 ὀ
1640 2436 1709 2481 καὶ
1739 2436 1815 2481 ἐπὶ
1843 2438 1922 2488 τῆς
1952 2436 2028 2480 οὐ·

320 2513 404 2569 ρᾶς
434 2510 631 2569 κεφαλὴν
665 2511 787 2570 ἔχων
825 2506 1239 2568 Αριςτοφάνης
1270 2505 1608 2567 Πελαργοῖς.
1630 2506 1722 2551 Ofr.
1746 2506 1848 2550 Hes.
1869 2508 2028 2566 ἀμφις-

320 2579 462 2638 βαινα·
496 2579 608 2627 εἶδος
639 2582 784 2640 ὄφεως
814 2581 1165 2639 μακροκέφαλον,
1196 2581 1395 2640 ιςόπηχυ,
1428 2578 1507 2632 τὴν
1537 2578 1672 2637 οὐρὰν
1701 2575 1895 2635 κολοβὴν
1923 2578 2032 2639 ἕχον

320 2653 390 2700 καὶ
419 2652 557 2712 ταύτῃ
587 2651 804 2698 πολλάκις
834 2652 913 2705 τὴν
943 2652 1129 2709 πορείαν
1161 2651 1432 2708 ποιούμενον,
1465 2650 1571 2697 ὧςτε
1602 2649 1722 2696 τινὰς
1747 2647 2032 2709 ἀμφιςβητεῒν

319 2724 375 2782 μὴ
406 2722 483 2770 δύο
514 2723 713 2782 κεφαλὰς
745 2723 872 2784 ἔχειν.
904 2721 999 2766 Nic
1031 2720 1160 2765 Ther.
1193 2722 1298 2765 372:
1330 2719 1661 2781 ἀμφίςβαιναν..
1675 2755 1684 2763 .
1718 2720 2029 2780 ἀμφικάρηνον.

321 2794 462 2839 Noun.
495 2793 681 2852 Dionys.
713 2793 767 2846 V,
800 2795 902 2838 146:
946 2794 1039 2847 αἰνὴ
1070 2792 1269 2850 δι’ςτομος
1300 2791 1607 2852 ἀμφιςβαινα...
1641 2794 1706 2838 ἱὸν
1737 2791 2030 2838 ἀποπτυουςα

322 2864 375 2912 δι’
409 2867 680 2925 ἀμφοτέροιο
711 2865 909 2923 καρήνου.
934 2863 1086 2909 Aeseh.
1111 2868 1188 2921 Ag.
1214 2865 1327 2908 1233
1348 2862 1482 2908 Dind.
1515 2862 1804 2923 ἀμφίσβαιναν
1834 2862 1860 2916 ἢ
1889 2859 2028 2909 Συΐλ-

320 2941 403 2982 λαν
434 2937 542 2983 τινά.
578 2935 715 2980 Aliter
746 2935 867 2979 Euat.
903 2937 1029 2991 1445,
1060 2936 1135 2978 53:
1183 2933 1447 2995 ἀμφίςβαινα
1479 2936 1582 2994 ὄφις
1624 2931 1898 2993 ἑκατέρωθεν
1926 2930 2029 2989 βαι·-

324 3027 413 3053 νων.
447 3007 536 3052 cfr.
568 3007 698 3051 etiam
733 3005 865 3049 Dind.
897 3006 1025 3049 Thes.
1058 3006 1080 3050 1
1111 3007 1139 3049 2
1172 3021 1209 3063 p.
1242 3007 1341 3049 255.
