<?xml version="1.0" encoding="UTF-8"?>
<!DOCTYPE html PUBLIC "-//W3C//DTD XHTML 1.0 Transitional//EN"
    "http://www.w3.org/TR/xhtml1/DTD/xhtml1-transitional.dtd">
<html xmlns="http://www.w3.org/1999/xhtml" xml:lang="en" lang="en">
 <head>
  <title>
</title>
<meta http-equiv="Content-Type" content="text/html;charset=utf-8" />
  <meta name='ocr-system' content='tesseract 3.04.00' />
  <meta name='ocr-capabilities' content='ocr_page ocr_carea ocr_par ocr_line ocrx_word'/>
</head>
<body>
  <div class='ocr_page' id='page_1' title='image "./supplementumcomi00demiuoft_0055.png"; bbox 0 0 2280 3626; ppageno 0'>
   <div class='ocr_carea' id='block_1_1' title="bbox 274 202 1979 252">
    <p class='ocr_par' dir='ltr' id='par_1_1' title="bbox 274 202 1979 252">
     <span class='ocr_line' id='line_1_1' title="bbox 274 202 1979 252; baseline 0.005 -10"><span class='ocrx_word' id='word_1_1' title='bbox 274 202 375 252; x_wconf 71' lang='lat'><strong>[853]</strong></span> <span class='ocrx_word' id='word_1_2' title='bbox 871 221 1191 249; x_wconf 72' lang='lat' dir='ltr'><strong>surrmnfflwruu</strong></span> <span class='ocrx_word' id='word_1_3' title='bbox 1210 221 1392 249; x_wconf 70' lang='lat' dir='ltr'><strong>concon</strong></span> <span class='ocrx_word' id='word_1_4' title='bbox 1919 207 1979 250; x_wconf 85' lang='grc'><strong>49</strong></span> 
     </span>
    </p>
   </div>
   <div class='ocr_carea' id='block_1_2' title="bbox 272 323 1978 546">
    <p class='ocr_par' dir='ltr' id='par_1_2' title="bbox 272 323 1978 546">
     <span class='ocr_line' id='line_1_2' title="bbox 272 323 1975 406; baseline 0.002 -16"><span class='ocrx_word' id='word_1_5' title='bbox 272 323 464 405; x_wconf 63' lang='lat' dir='ltr'><strong>gffieutis</strong></span> <span class='ocrx_word' id='word_1_6' title='bbox 494 347 753 406; x_wconf 78' lang='lat' dir='ltr'><strong>Myronidae</strong></span> <span class='ocrx_word' id='word_1_7' title='bbox 782 346 833 389; x_wconf 83' lang='lat' dir='ltr'><strong>fit</strong></span> <span class='ocrx_word' id='word_1_8' title='bbox 863 347 1039 398; x_wconf 90' lang='lat' dir='ltr'><strong>mentio,</strong></span> <span class='ocrx_word' id='word_1_9' title='bbox 1086 362 1212 404; x_wconf 89' lang='lat' dir='ltr'><strong>quem</strong></span> <span class='ocrx_word' id='word_1_10' title='bbox 1246 361 1347 389; x_wconf 92' lang='lat' dir='ltr'><strong>cum</strong></span> <span class='ocrx_word' id='word_1_11' title='bbox 1378 347 1549 391; x_wconf 78' lang='lat' dir='ltr'>Pericle</span> <span class='ocrx_word' id='word_1_12' title='bbox 1579 349 1626 390; x_wconf 89' lang='lat' dir='ltr'><strong>in</strong></span> <span class='ocrx_word' id='word_1_13' title='bbox 1657 348 1811 392; x_wconf 91' lang='lat' dir='ltr'><strong>Demis</strong></span> <span class='ocrx_word' id='word_1_14' title='bbox 1841 348 1975 393; x_wconf 87' lang='lat' dir='ltr'><strong>collo-</strong></span> 
     </span>
     <span class='ocr_line' id='line_1_3' title="bbox 272 417 1978 476; baseline 0 -14"><span class='ocrx_word' id='word_1_15' title='bbox 272 426 423 462; x_wconf 86' lang='lat' dir='ltr'><strong>cutum</strong></span> <span class='ocrx_word' id='word_1_16' title='bbox 452 432 550 462; x_wconf 86' lang='lat' dir='ltr'><strong>esse</strong></span> <span class='ocrx_word' id='word_1_17' title='bbox 579 417 845 462; x_wconf 78' lang='lat' dir='ltr'><strong>Plutarchus</strong></span> <span class='ocrx_word' id='word_1_18' title='bbox 874 418 992 474; x_wconf 84' lang='lat' dir='ltr'><strong>(Per.</strong></span> <span class='ocrx_word' id='word_1_19' title='bbox 1025 419 1100 474; x_wconf 85' lang='grc'><strong>24)</strong></span> <span class='ocrx_word' id='word_1_20' title='bbox 1129 425 1316 461; x_wconf 87' lang='lat' dir='ltr'><strong>testatur</strong></span> <span class='ocrx_word' id='word_1_21' title='bbox 1345 418 1471 476; x_wconf 89' lang='lat' dir='ltr'><strong>(Eup.</strong></span> <span class='ocrx_word' id='word_1_22' title='bbox 1496 419 1547 462; x_wconf 72' lang='lat' dir='ltr'><strong>fr.</strong></span> <span class='ocrx_word' id='word_1_23' title='bbox 1569 420 1626 462; x_wconf 87' lang='grc'><strong>98</strong></span> <span class='ocrx_word' id='word_1_24' title='bbox 1658 419 1730 476; x_wconf 88' lang='grc' dir='ltr'><strong>Κ).</strong></span> <span class='ocrx_word' id='word_1_25' title='bbox 1760 419 1978 462; x_wconf 85' lang='lat' dir='ltr'>Ridentur</span> 
     </span>
     <span class='ocr_line' id='line_1_4' title="bbox 272 488 1976 546; baseline 0.001 -13"><span class='ocrx_word' id='word_1_26' title='bbox 272 488 528 546; x_wconf 77' lang='lat' dir='ltr'>Theogenes</span> <span class='ocrx_word' id='word_1_27' title='bbox 557 489 699 543; x_wconf 77' lang='lat' dir='ltr'><strong>helan,</strong></span> <span class='ocrx_word' id='word_1_28' title='bbox 728 504 859 546; x_wconf 89' lang='lat' dir='ltr'><strong>quem</strong></span> <span class='ocrx_word' id='word_1_29' title='bbox 890 490 936 531; x_wconf 87' lang='lat' dir='ltr'><strong>in</strong></span> <span class='ocrx_word' id='word_1_30' title='bbox 967 490 1116 533; x_wconf 74' lang='lat' dir='ltr'><strong>Demis</strong></span> <span class='ocrx_word' id='word_1_31' title='bbox 1146 489 1399 532; x_wconf 86' lang='lat' dir='ltr'><strong>vellicatum</strong></span> <span class='ocrx_word' id='word_1_32' title='bbox 1421 504 1517 532; x_wconf 89' lang='lat' dir='ltr'><strong>esse</strong></span> <span class='ocrx_word' id='word_1_33' title='bbox 1539 505 1563 533; x_wconf 90' lang='lat' dir='ltr'><strong>e</strong></span> <span class='ocrx_word' id='word_1_34' title='bbox 1584 490 1773 534; x_wconf 86' lang='lat' dir='ltr'><strong>Scholiis</strong></span> <span class='ocrx_word' id='word_1_35' title='bbox 1804 493 1876 535; x_wconf 87' lang='lat' dir='ltr'><strong>Ar.</strong></span> <span class='ocrx_word' id='word_1_36' title='bbox 1897 493 1976 534; x_wconf 81' lang='lat' dir='ltr'><strong>Av.</strong></span> 
     </span>
    </p>
   </div>
   <div class='ocr_carea' id='block_1_3' title="bbox 266 560 1976 974">
    <p class='ocr_par' dir='ltr' id='par_1_3' title="bbox 266 560 1976 974">
     <span class='ocr_line' id='line_1_5' title="bbox 271 560 1976 618; baseline -0.001 -12"><span class='ocrx_word' id='word_1_37' title='bbox 271 561 371 606; x_wconf 86' lang='grc'><strong>822.</strong></span> <span class='ocrx_word' id='word_1_38' title='bbox 402 561 627 616; x_wconf 81' lang='lat' dir='ltr'><strong>cognitum</strong></span> <span class='ocrx_word' id='word_1_39' title='bbox 659 560 867 604; x_wconf 89' lang='lat' dir='ltr'><strong>habemus</strong></span> <span class='ocrx_word' id='word_1_40' title='bbox 897 560 1068 618; x_wconf 89' lang='lat' dir='ltr'><strong>(Eupol.</strong></span> <span class='ocrx_word' id='word_1_41' title='bbox 1100 561 1153 604; x_wconf 84' lang='lat' dir='ltr'><strong>fr.</strong></span> <span class='ocrx_word' id='word_1_42' title='bbox 1186 561 1272 604; x_wconf 91' lang='grc'><strong>122</strong></span> <span class='ocrx_word' id='word_1_43' title='bbox 1304 561 1377 614; x_wconf 79' lang='grc' dir='ltr'><strong>Κ),</strong></span> <span class='ocrx_word' id='word_1_44' title='bbox 1411 562 1591 614; x_wconf 89' lang='lat' dir='ltr'><strong>Paus0n‚</strong></span> <span class='ocrx_word' id='word_1_45' title='bbox 1639 562 1778 617; x_wconf 87' lang='lat' dir='ltr'><strong>pictor</strong></span> <span class='ocrx_word' id='word_1_46' title='bbox 1808 561 1976 604; x_wconf 84' lang='lat' dir='ltr'><strong>fameli-</strong></span> 
     </span>
     <span class='ocr_line' id='line_1_6' title="bbox 270 631 1975 690; baseline 0 -15"><span class='ocrx_word' id='word_1_47' title='bbox 270 645 362 688; x_wconf 81' lang='lat' dir='ltr'><strong>cus,</strong></span> <span class='ocrx_word' id='word_1_48' title='bbox 391 631 446 675; x_wconf 87' lang='lat' dir='ltr'><strong>de</strong></span> <span class='ocrx_word' id='word_1_49' title='bbox 476 647 560 689; x_wconf 92' lang='lat' dir='ltr'><strong>quo</strong></span> <span class='ocrx_word' id='word_1_50' title='bbox 590 632 722 675; x_wconf 86' lang='lat' dir='ltr'><strong>etiam</strong></span> <span class='ocrx_word' id='word_1_51' title='bbox 753 631 1063 688; x_wconf 81' lang='lat' dir='ltr'>Aristophanes</span> <span class='ocrx_word' id='word_1_52' title='bbox 1093 631 1283 687; x_wconf 89' lang='lat' dir='ltr'><strong>(Thesm.</strong></span> <span class='ocrx_word' id='word_1_53' title='bbox 1314 632 1414 685; x_wconf 77' lang='lat'><strong>949,</strong></span> <span class='ocrx_word' id='word_1_54' title='bbox 1456 631 1565 675; x_wconf 85' lang='lat' dir='ltr'><strong>Plut.</strong></span> <span class='ocrx_word' id='word_1_55' title='bbox 1595 633 1696 687; x_wconf 86' lang='grc'><strong>602,</strong></span> <span class='ocrx_word' id='word_1_56' title='bbox 1724 631 1836 674; x_wconf 87' lang='grc' dir='ltr'><strong>Αο11.</strong></span> <span class='ocrx_word' id='word_1_57' title='bbox 1871 632 1975 690; x_wconf 84' lang='grc'><strong>854)</strong></span> 
     </span>
     <span class='ocr_line' id='line_1_7' title="bbox 269 701 1972 759; baseline -0.001 -13"><span class='ocrx_word' id='word_1_58' title='bbox 269 708 314 746; x_wconf 79' lang='lat' dir='ltr'><strong>et</strong></span> <span class='ocrx_word' id='word_1_59' title='bbox 345 701 598 746; x_wconf 77' lang='lat' dir='ltr'><strong>Heniochus</strong></span> <span class='ocrx_word' id='word_1_60' title='bbox 627 702 697 759; x_wconf 89' lang='lat' dir='ltr'><strong>(fr.</strong></span> <span class='ocrx_word' id='word_1_61' title='bbox 727 703 768 750; x_wconf 81' lang='lat'><strong>4.¹</strong></span> <span class='ocrx_word' id='word_1_62' title='bbox 799 703 826 745; x_wconf 89' lang='lat'><strong>3</strong></span> <span class='ocrx_word' id='word_1_63' title='bbox 859 703 918 756; x_wconf 90' lang='lat' dir='ltr'><strong>K)</strong></span> <span class='ocrx_word' id='word_1_64' title='bbox 949 702 1083 746; x_wconf 90' lang='lat' dir='ltr'><strong>locuti</strong></span> <span class='ocrx_word' id='word_1_65' title='bbox 1116 709 1228 757; x_wconf 78' lang='lat' dir='ltr'><strong>sunt,</strong></span> <span class='ocrx_word' id='word_1_66' title='bbox 1259 702 1421 747; x_wconf 83' lang='lat' dir='ltr'><strong>Callias</strong></span> <span class='ocrx_word' id='word_1_67' title='bbox 1451 703 1625 745; x_wconf 86' lang='lat' dir='ltr'><strong>iuvenis</strong></span> <span class='ocrx_word' id='word_1_68' title='bbox 1656 702 1792 756; x_wconf 81' lang='lat' dir='ltr'><strong>dives,</strong></span> <span class='ocrx_word' id='word_1_69' title='bbox 1826 704 1972 745; x_wconf 85' lang='lat' dir='ltr'><strong>Pisan-</strong></span> 
     </span>
     <span class='ocr_line' id='line_1_8' title="bbox 269 773 1974 831; baseline 0 -13"><span class='ocrx_word' id='word_1_70' title='bbox 269 773 360 828; x_wconf 77' lang='lat' dir='ltr'><strong>der‚</strong></span> <span class='ocrx_word' id='word_1_71' title='bbox 390 788 519 831; x_wconf 88' lang='lat' dir='ltr'><strong>quem</strong></span> <span class='ocrx_word' id='word_1_72' title='bbox 551 781 594 818; x_wconf 87' lang='lat' dir='ltr'><strong>et</strong></span> <span class='ocrx_word' id='word_1_73' title='bbox 623 773 716 831; x_wconf 88' lang='lat' dir='ltr'><strong>ipse</strong></span> <span class='ocrx_word' id='word_1_74' title='bbox 749 773 931 830; x_wconf 83' lang='lat' dir='ltr'><strong>Eupolis</strong></span> <span class='ocrx_word' id='word_1_75' title='bbox 961 775 1007 816; x_wconf 92' lang='lat' dir='ltr'><strong>in</strong></span> <span class='ocrx_word' id='word_1_76' title='bbox 1030 774 1292 816; x_wconf 87' lang='lat' dir='ltr'><strong>Astrateutis</strong></span> <span class='ocrx_word' id='word_1_77' title='bbox 1314 774 1385 831; x_wconf 88' lang='lat' dir='ltr'><strong>(fr.</strong></span> <span class='ocrx_word' id='word_1_78' title='bbox 1414 775 1468 816; x_wconf 87' lang='lat'><strong>31</strong></span> <span class='ocrx_word' id='word_1_79' title='bbox 1493 775 1552 827; x_wconf 89' lang='lat' dir='ltr'><strong>K)</strong></span> <span class='ocrx_word' id='word_1_80' title='bbox 1586 781 1628 817; x_wconf 87' lang='lat' dir='ltr'><strong>et</strong></span> <span class='ocrx_word' id='word_1_81' title='bbox 1657 774 1703 816; x_wconf 88' lang='lat' dir='ltr'><strong>in</strong></span> <span class='ocrx_word' id='word_1_82' title='bbox 1735 774 1974 818; x_wconf 86' lang='lat' dir='ltr'><strong>Maricante</strong></span> 
     </span>
     <span class='ocr_line' id='line_1_9' title="bbox 269 844 1973 902; baseline -0.001 -14"><span class='ocrx_word' id='word_1_83' title='bbox 269 845 339 900; x_wconf 79' lang='lat' dir='ltr'><strong>(fr.</strong></span> <span class='ocrx_word' id='word_1_84' title='bbox 372 845 457 889; x_wconf 84' lang='lat'><strong>182</strong></span> <span class='ocrx_word' id='word_1_85' title='bbox 489 845 549 900; x_wconf 88' lang='grc' dir='ltr'><strong>Κ)</strong></span> <span class='ocrx_word' id='word_1_86' title='bbox 581 853 624 888; x_wconf 92' lang='lat' dir='ltr'><strong>et</strong></span> <span class='ocrx_word' id='word_1_87' title='bbox 655 845 961 902; x_wconf 84' lang='lat' dir='ltr'>Aristophanes</span> <span class='ocrx_word' id='word_1_88' title='bbox 993 846 1163 902; x_wconf 83' lang='lat' dir='ltr'><strong>saepius</strong></span> <span class='ocrx_word' id='word_1_89' title='bbox 1193 845 1356 888; x_wconf 81' lang='lat' dir='ltr'><strong>derisit.</strong></span> <span class='ocrx_word' id='word_1_90' title='bbox 1389 871 1443 876; x_wconf 87' lang='lat'><strong>—-</strong></span> <span class='ocrx_word' id='word_1_91' title='bbox 1478 846 1647 888; x_wconf 84' lang='lat' dir='ltr'>Nomen</span> <span class='ocrx_word' id='word_1_92' title='bbox 1678 844 1854 887; x_wconf 85' lang='lat' dir='ltr'><strong>fabulae</strong></span> <span class='ocrx_word' id='word_1_93' title='bbox 1884 844 1973 899; x_wconf 79' lang='grc' dir='ltr'><strong>Δῆ-</strong></span> 
     </span>
     <span class='ocr_line' id='line_1_10' title="bbox 266 916 1972 974; baseline 0 -16"><span class='ocrx_word' id='word_1_94' title='bbox 266 934 339 974; x_wconf 76' lang='grc' dir='ltr'><strong>μοι</strong></span> <span class='ocrx_word' id='word_1_95' title='bbox 367 916 413 958; x_wconf 92' lang='lat' dir='ltr'><strong>in</strong></span> <span class='ocrx_word' id='word_1_96' title='bbox 445 916 499 959; x_wconf 89' lang='lat' dir='ltr'><strong>fr.</strong></span> <span class='ocrx_word' id='word_1_97' title='bbox 530 918 558 961; x_wconf 91' lang='lat'><strong>3</strong></span> <span class='ocrx_word' id='word_1_98' title='bbox 589 917 711 974; x_wconf 82' lang='lat' dir='ltr'>(Ila)</span> <span class='ocrx_word' id='word_1_99' title='bbox 753 933 793 959; x_wconf 77' lang='lat' dir='ltr'><strong>V.</strong></span> <span class='ocrx_word' id='word_1_100' title='bbox 822 918 861 959; x_wconf 90' lang='grc'><strong>4,</strong></span> <span class='ocrx_word' id='word_1_101' title='bbox 904 916 1076 973; x_wconf 87' lang='lat' dir='ltr'><strong>legitur.</strong></span> <span class='ocrx_word' id='word_1_102' title='bbox 1107 942 1166 948; x_wconf 83' lang='lat'><strong>——</strong></span> <span class='ocrx_word' id='word_1_103' title='bbox 1198 917 1266 958; x_wconf 88' lang='lat' dir='ltr'><strong>De</strong></span> <span class='ocrx_word' id='word_1_104' title='bbox 1312 924 1569 973; x_wconf 86' lang='lat' dir='ltr'><strong>argumento</strong></span> <span class='ocrx_word' id='word_1_105' title='bbox 1616 916 1817 958; x_wconf 85' lang='lat' dir='ltr'><strong>conferas</strong></span> <span class='ocrx_word' id='word_1_106' title='bbox 1863 932 1972 974; x_wconf 84' lang='lat' dir='ltr'><strong>quae</strong></span> 
     </span>
    </p>
   </div>
   <div class='ocr_carea' id='block_1_4' title="bbox 268 987 881 1046">
    <p class='ocr_par' dir='ltr' id='par_1_4' title="bbox 268 987 881 1046">
     <span class='ocr_line' id='line_1_11' title="bbox 268 987 881 1046; baseline -0.002 -15"><span class='ocrx_word' id='word_1_107' title='bbox 268 987 441 1046; x_wconf 89' lang='lat' dir='ltr'><strong>copiose</strong></span> <span class='ocrx_word' id='word_1_108' title='bbox 471 988 679 1031; x_wconf 80' lang='lat' dir='ltr'><strong>disseruit</strong></span> <span class='ocrx_word' id='word_1_109' title='bbox 709 989 881 1031; x_wconf 86' lang='lat' dir='ltr'><strong>Koerte.</strong></span> 
     </span>
    </p>
   </div>
   <div class='ocr_carea' id='block_1_5' title="bbox 263 1084 1971 1890">
    <p class='ocr_par' dir='ltr' id='par_1_5' title="bbox 582 1084 1653 1227">
     <span class='ocr_line' id='line_1_12' title="bbox 1086 1084 1154 1127; baseline -0.015 0"><span class='ocrx_word' id='word_1_110' title='bbox 1086 1084 1154 1127; x_wconf 87' lang='lat'><strong>13.</strong></span> 
     </span>
     <span class='ocr_line' id='line_1_13' title="bbox 582 1165 1653 1227; baseline -0.001 -15"><span class='ocrx_word' id='word_1_111' title='bbox 582 1169 723 1226; x_wconf 85' lang='grc' dir='ltr'>σοφὸσ</span> <span class='ocrx_word' id='word_1_112' title='bbox 751 1167 842 1225; x_wconf 84' lang='grc' dir='ltr'><strong>γὰρ</strong></span> <span class='ocrx_word' id='word_1_113' title='bbox 873 1167 993 1225; x_wconf 83' lang='grc' dir='ltr'>ἀνήρ,</span> <span class='ocrx_word' id='word_1_114' title='bbox 1024 1170 1105 1220; x_wconf 77' lang='grc' dir='ltr'><strong>τῆς</strong></span> <span class='ocrx_word' id='word_1_115' title='bbox 1133 1165 1182 1211; x_wconf 85' lang='grc' dir='ltr'><strong>δὲ</strong></span> <span class='ocrx_word' id='word_1_116' title='bbox 1210 1169 1361 1227; x_wconf 87' lang='grc' dir='ltr'>χειρὸσ</span> <span class='ocrx_word' id='word_1_117' title='bbox 1391 1169 1443 1211; x_wconf 89' lang='grc' dir='ltr'><strong>οὐ</strong></span> <span class='ocrx_word' id='word_1_118' title='bbox 1471 1170 1653 1224; x_wconf 83' lang='grc' dir='ltr'>κρατῶν.</span> 
     </span>
    </p>

    <p class='ocr_par' dir='ltr' id='par_1_6' title="bbox 263 1260 1971 1890">
     <span class='ocr_line' id='line_1_14' title="bbox 411 1260 1971 1320; baseline 0.002 -16"><span class='ocrx_word' id='word_1_119' title='bbox 411 1261 522 1306; x_wconf 87' lang='lat' dir='ltr'><strong>Plut.</strong></span> <span class='ocrx_word' id='word_1_120' title='bbox 554 1263 685 1305; x_wconf 90' lang='lat' dir='ltr'><strong>Arist.</strong></span> <span class='ocrx_word' id='word_1_121' title='bbox 716 1263 762 1304; x_wconf 88' lang='lat'><strong>4:</strong></span> <span class='ocrx_word' id='word_1_122' title='bbox 793 1267 879 1307; x_wconf 83' lang='grc' dir='ltr'><strong>τῶν</strong></span> <span class='ocrx_word' id='word_1_123' title='bbox 909 1261 957 1307; x_wconf 86' lang='grc' dir='ltr'><strong>δὲ</strong></span> <span class='ocrx_word' id='word_1_124' title='bbox 986 1261 1189 1318; x_wconf 87' lang='grc' dir='ltr'>δημοσιων</span> <span class='ocrx_word' id='word_1_125' title='bbox 1218 1261 1448 1320; x_wconf 74' lang='grc' dir='ltr'>προσόδων</span> <span class='ocrx_word' id='word_1_126' title='bbox 1478 1260 1672 1320; x_wconf 56' lang='grc' dir='ltr'>αἱρεθεὶς</span> <span class='ocrx_word' id='word_1_127' title='bbox 1710 1262 1971 1319; x_wconf 68' lang='grc' dir='ltr'>έπιμεληπὴσ</span> 
     </span>
     <span class='ocr_line' id='line_1_15' title="bbox 270 1331 1967 1391; baseline -0.001 -12"><span class='ocrx_word' id='word_1_128' title='bbox 270 1336 323 1379; x_wconf 82' lang='grc' dir='ltr'><strong>οὐ</strong></span> <span class='ocrx_word' id='word_1_129' title='bbox 350 1335 482 1391; x_wconf 89' lang='grc' dir='ltr'>μόνον</span> <span class='ocrx_word' id='word_1_130' title='bbox 510 1334 615 1379; x_wconf 85' lang='grc' dir='ltr'>τοὺσ</span> <span class='ocrx_word' id='word_1_131' title='bbox 644 1332 748 1379; x_wconf 58' lang='grc' dir='ltr'><strong>καθ’</strong></span> <span class='ocrx_word' id='word_1_132' title='bbox 781 1336 926 1384; x_wconf 83' lang='grc' dir='ltr'>αὐτόν,</span> <span class='ocrx_word' id='word_1_133' title='bbox 959 1333 1075 1378; x_wconf 86' lang='grc' dir='ltr'>ἀλλὰ</span> <span class='ocrx_word' id='word_1_134' title='bbox 1105 1334 1175 1378; x_wconf 76' lang='grc' dir='ltr'><strong>καὶ</strong></span> <span class='ocrx_word' id='word_1_135' title='bbox 1203 1334 1308 1378; x_wconf 88' lang='grc' dir='ltr'>τοὺσ</span> <span class='ocrx_word' id='word_1_136' title='bbox 1337 1336 1431 1390; x_wconf 93' lang='grc' dir='ltr'><strong>πρὸ</strong></span> <span class='ocrx_word' id='word_1_137' title='bbox 1453 1336 1587 1378; x_wconf 84' lang='grc' dir='ltr'>αὑτοῦ</span> <span class='ocrx_word' id='word_1_138' title='bbox 1605 1334 1863 1389; x_wconf 82' lang='grc' dir='ltr'>γενομένουσ</span> <span class='ocrx_word' id='word_1_139' title='bbox 1884 1331 1967 1391; x_wconf 87' lang='grc' dir='ltr'><strong>ἇρ-</strong></span> 
     </span>
     <span class='ocr_line' id='line_1_16' title="bbox 266 1401 1967 1466; baseline -0.001 -16"><span class='ocrx_word' id='word_1_140' title='bbox 266 1423 433 1466; x_wconf 85' lang='grc' dir='ltr'>χοντασ</span> <span class='ocrx_word' id='word_1_141' title='bbox 462 1404 712 1450; x_wconf 85' lang='grc' dir='ltr'>ἀπεδεικνυε</span> <span class='ocrx_word' id='word_1_142' title='bbox 741 1405 894 1450; x_wconf 89' lang='grc' dir='ltr'>πολλὰ</span> <span class='ocrx_word' id='word_1_143' title='bbox 927 1406 1273 1464; x_wconf 73' lang='grc' dir='ltr'>νενοσφισμένους</span> <span class='ocrx_word' id='word_1_144' title='bbox 1311 1406 1382 1450; x_wconf 84' lang='grc' dir='ltr'><strong>καῖ</strong></span> <span class='ocrx_word' id='word_1_145' title='bbox 1409 1404 1593 1461; x_wconf 82' lang='grc' dir='ltr'>μάλιστα</span> <span class='ocrx_word' id='word_1_146' title='bbox 1632 1406 1712 1449; x_wconf 89' lang='grc' dir='ltr'><strong>τὸν</strong></span> <span class='ocrx_word' id='word_1_147' title='bbox 1757 1401 1967 1461; x_wconf 85' lang='grc' dir='ltr'>Θεμιστο-</span> 
     </span>
     <span class='ocr_line' id='line_1_17' title="bbox 266 1474 1970 1535; baseline -0.003 -13"><span class='ocrx_word' id='word_1_148' title='bbox 266 1477 385 1522; x_wconf 78' lang='grc' dir='ltr'>κλέα·</span> <span class='ocrx_word' id='word_1_149' title='bbox 419 1478 615 1535; x_wconf 85' lang='grc' dir='ltr'>,σοφὸσ</span> <span class='ocrx_word' id='word_1_150' title='bbox 644 1474 754 1521; x_wconf 82' lang='grc' dir='ltr'>κτλ.’</span> <span class='ocrx_word' id='word_1_151' title='bbox 786 1502 843 1507; x_wconf 85' lang='grc'>-</span> <span class='ocrx_word' id='word_1_152' title='bbox 875 1476 944 1519; x_wconf 84' lang='lat' dir='ltr'><strong>Ad</strong></span> <span class='ocrx_word' id='word_1_153' title='bbox 978 1476 1207 1532; x_wconf 79' lang='lat' dir='ltr'><strong>Eupolidis</strong></span> <span class='ocrx_word' id='word_1_154' title='bbox 1238 1475 1441 1519; x_wconf 82' lang='lat' dir='ltr'><strong>Demos</strong></span> <span class='ocrx_word' id='word_1_155' title='bbox 1489 1474 1769 1532; x_wconf 82' lang='lat' dir='ltr'><strong>probabiliter</strong></span> <span class='ocrx_word' id='word_1_156' title='bbox 1803 1475 1970 1517; x_wconf 87' lang='lat' dir='ltr'><strong>rettulit</strong></span> 
     </span>
     <span class='ocr_line' id='line_1_18' title="bbox 265 1545 1967 1604; baseline -0.001 -15"><span class='ocrx_word' id='word_1_157' title='bbox 265 1546 559 1590; x_wconf 84' lang='lat' dir='ltr'><strong>Wilamowitz</strong></span> <span class='ocrx_word' id='word_1_158' title='bbox 599 1547 767 1601; x_wconf 87' lang='lat' dir='ltr'><strong>(Herm.</strong></span> <span class='ocrx_word' id='word_1_159' title='bbox 801 1548 928 1601; x_wconf 78' lang='lat'>1879,</span> <span class='ocrx_word' id='word_1_160' title='bbox 960 1547 1063 1604; x_wconf 87' lang='lat'>183)</span> <span class='ocrx_word' id='word_1_161' title='bbox 1105 1547 1314 1604; x_wconf 83' lang='lat' dir='ltr'><strong>probante</strong></span> <span class='ocrx_word' id='word_1_162' title='bbox 1355 1546 1555 1589; x_wconf 79' lang='lat' dir='ltr'><strong>Nauekio</strong></span> <span class='ocrx_word' id='word_1_163' title='bbox 1595 1546 1711 1603; x_wconf 78' lang='lat' dir='ltr'><strong>(Mel.</strong></span> <span class='ocrx_word' id='word_1_164' title='bbox 1742 1545 1820 1600; x_wconf 79' lang='lat' dir='ltr'><strong>VI,</strong></span> <span class='ocrx_word' id='word_1_165' title='bbox 1858 1546 1967 1603; x_wconf 83' lang='lat'>178),</span> 
     </span>
     <span class='ocr_line' id='line_1_19' title="bbox 264 1616 1966 1676; baseline -0.001 -16"><span class='ocrx_word' id='word_1_166' title='bbox 264 1618 339 1676; x_wconf 85' lang='lat' dir='ltr'><strong>qui</strong></span> <span class='ocrx_word' id='word_1_167' title='bbox 371 1617 635 1661; x_wconf 87' lang='lat' dir='ltr'><strong>versiculum</strong></span> <span class='ocrx_word' id='word_1_168' title='bbox 667 1617 796 1660; x_wconf 92' lang='lat' dir='ltr'><strong>illum</strong></span> <span class='ocrx_word' id='word_1_169' title='bbox 827 1619 943 1662; x_wconf 87' lang='lat' dir='ltr'><strong>inter</strong></span> <span class='ocrx_word' id='word_1_170' title='bbox 973 1619 1240 1674; x_wconf 85' lang='lat' dir='ltr'><strong>tragicorum</strong></span> <span class='ocrx_word' id='word_1_171' title='bbox 1273 1618 1479 1675; x_wconf 85' lang='lat' dir='ltr'><strong>adespota</strong></span> <span class='ocrx_word' id='word_1_172' title='bbox 1510 1617 1611 1659; x_wconf 92' lang='lat' dir='ltr'><strong>olim</strong></span> <span class='ocrx_word' id='word_1_173' title='bbox 1643 1625 1867 1674; x_wconf 82' lang='lat' dir='ltr'><strong>receperat</strong></span> <span class='ocrx_word' id='word_1_174' title='bbox 1898 1616 1966 1673; x_wconf 88' lang='lat' dir='ltr'><strong>(fr.</strong></span> 
     </span>
     <span class='ocr_line' id='line_1_20' title="bbox 264 1688 1966 1747; baseline -0.001 -15"><span class='ocrx_word' id='word_1_175' title='bbox 264 1689 410 1742; x_wconf 81' lang='lat'>3521).</span> <span class='ocrx_word' id='word_1_176' title='bbox 441 1689 654 1747; x_wconf 77' lang='lat' dir='ltr'><strong>Kockius,</strong></span> <span class='ocrx_word' id='word_1_177' title='bbox 690 1705 949 1747; x_wconf 83' lang='lat' dir='ltr'><strong>quamquam</strong></span> <span class='ocrx_word' id='word_1_178' title='bbox 983 1689 1113 1731; x_wconf 91' lang='lat' dir='ltr'><strong>huius</strong></span> <span class='ocrx_word' id='word_1_179' title='bbox 1144 1704 1299 1731; x_wconf 86' lang='lat' dir='ltr'><strong>versus</strong></span> <span class='ocrx_word' id='word_1_180' title='bbox 1331 1690 1375 1731; x_wconf 92' lang='lat' dir='ltr'><strong>in</strong></span> <span class='ocrx_word' id='word_1_181' title='bbox 1408 1689 1525 1732; x_wconf 83' lang='lat' dir='ltr'><strong>Com.</strong></span> <span class='ocrx_word' id='word_1_182' title='bbox 1560 1691 1643 1731; x_wconf 87' lang='lat' dir='ltr'><strong>Att.</strong></span> <span class='ocrx_word' id='word_1_183' title='bbox 1675 1688 1831 1743; x_wconf 71' lang='lat' dir='ltr'><strong>fragm.</strong></span> <span class='ocrx_word' id='word_1_184' title='bbox 1862 1688 1897 1742; x_wconf 80' lang='lat' dir='ltr'>L</span> <span class='ocrx_word' id='word_1_185' title='bbox 1926 1703 1966 1745; x_wconf 89' lang='lat' dir='ltr'><strong>p.</strong></span> 
     </span>
     <span class='ocr_line' id='line_1_21' title="bbox 263 1759 1966 1817; baseline -0.001 -14"><span class='ocrx_word' id='word_1_186' title='bbox 263 1760 354 1804; x_wconf 84' lang='lat'><strong>293</strong></span> <span class='ocrx_word' id='word_1_187' title='bbox 384 1760 554 1817; x_wconf 86' lang='lat' dir='ltr'><strong>(Eupol.</strong></span> <span class='ocrx_word' id='word_1_188' title='bbox 585 1760 638 1804; x_wconf 89' lang='lat' dir='ltr'><strong>fr.</strong></span> <span class='ocrx_word' id='word_1_189' title='bbox 680 1762 774 1817; x_wconf 79' lang='lat'>135)</span> <span class='ocrx_word' id='word_1_190' title='bbox 806 1763 1066 1803; x_wconf 88' lang='lat' dir='ltr'><strong>mentionem</strong></span> <span class='ocrx_word' id='word_1_191' title='bbox 1101 1760 1277 1815; x_wconf 71' lang='lat' dir='ltr'><strong>fecerat,</strong></span> <span class='ocrx_word' id='word_1_192' title='bbox 1308 1768 1453 1803; x_wconf 88' lang='lat' dir='ltr'><strong>tamen</strong></span> <span class='ocrx_word' id='word_1_193' title='bbox 1486 1774 1627 1817; x_wconf 90' lang='lat' dir='ltr'><strong>neque</strong></span> <span class='ocrx_word' id='word_1_194' title='bbox 1656 1760 1702 1801; x_wconf 91' lang='lat' dir='ltr'><strong>in</strong></span> <span class='ocrx_word' id='word_1_195' title='bbox 1734 1759 1966 1817; x_wconf 84' lang='lat' dir='ltr'><strong>Eupolidis</strong></span> 
     </span>
     <span class='ocr_line' id='line_1_22' title="bbox 264 1831 1437 1890; baseline -0.001 -16"><span class='ocrx_word' id='word_1_196' title='bbox 264 1831 523 1889; x_wconf 74' lang='lat' dir='ltr'><strong>fragmentis</strong></span> <span class='ocrx_word' id='word_1_197' title='bbox 553 1847 692 1890; x_wconf 89' lang='lat' dir='ltr'><strong>neque</strong></span> <span class='ocrx_word' id='word_1_198' title='bbox 722 1833 768 1874; x_wconf 93' lang='lat' dir='ltr'><strong>in</strong></span> <span class='ocrx_word' id='word_1_199' title='bbox 800 1833 1031 1890; x_wconf 84' lang='lat' dir='ltr'><strong>Adespotis</strong></span> <span class='ocrx_word' id='word_1_200' title='bbox 1063 1848 1162 1874; x_wconf 88' lang='lat' dir='ltr'><strong>eum</strong></span> <span class='ocrx_word' id='word_1_201' title='bbox 1195 1832 1437 1875; x_wconf 82' lang='lat' dir='ltr'><strong>collocavit.</strong></span> 
     </span>
    </p>
   </div>
   <div class='ocr_carea' id='block_1_6' title="bbox 1080 1947 1146 1987">
    <p class='ocr_par' dir='ltr' id='par_1_7' title="bbox 1080 1947 1146 1987">
     <span class='ocr_line' id='line_1_23' title="bbox 1080 1947 1146 1987; baseline 0 0"><span class='ocrx_word' id='word_1_202' title='bbox 1080 1947 1146 1987; x_wconf 86' lang='lat'><strong>14.</strong></span> 
     </span>
    </p>
   </div>
   <div class='ocr_carea' id='block_1_7' title="bbox 265 2033 1963 2460">
    <p class='ocr_par' dir='ltr' id='par_1_8' title="bbox 1055 2033 1169 2089">
     <span class='ocr_line' id='line_1_24' title="bbox 1055 2033 1169 2089; baseline -0.018 -9"><span class='ocrx_word' id='word_1_203' title='bbox 1055 2033 1169 2089; x_wconf 84' lang='grc' dir='ltr'>ζειαι.</span> 
     </span>
    </p>

    <p class='ocr_par' dir='ltr' id='par_1_9' title="bbox 265 2115 1963 2460">
     <span class='ocr_line' id='line_1_25' title="bbox 405 2115 1963 2175; baseline -0.001 -16"><span class='ocrx_word' id='word_1_204' title='bbox 405 2116 547 2160; x_wconf 87' lang='lat' dir='ltr'><strong>Schol.</strong></span> <span class='ocrx_word' id='word_1_205' title='bbox 578 2118 625 2159; x_wconf 87' lang='lat' dir='ltr'><strong>in</strong></span> <span class='ocrx_word' id='word_1_206' title='bbox 656 2117 813 2175; x_wconf 90' lang='lat' dir='ltr'><strong>Cyrilli</strong></span> <span class='ocrx_word' id='word_1_207' title='bbox 846 2117 1019 2160; x_wconf 85' lang='lat' dir='ltr'><strong>lexicon</strong></span> <span class='ocrx_word' id='word_1_208' title='bbox 1059 2117 1380 2170; x_wconf 78' lang='lat' dir='ltr'><strong>(Reitzenstein,</strong></span> <span class='ocrx_word' id='word_1_209' title='bbox 1421 2116 1563 2159; x_wconf 85' lang='lat' dir='ltr'><strong>Index</strong></span> <span class='ocrx_word' id='word_1_210' title='bbox 1594 2115 1726 2158; x_wconf 90' lang='lat' dir='ltr'><strong>schol.</strong></span> <span class='ocrx_word' id='word_1_211' title='bbox 1757 2115 1963 2158; x_wconf 84' lang='lat' dir='ltr'><strong>Rostoch.</strong></span> 
     </span>
     <span class='ocr_line' id='line_1_26' title="bbox 267 2186 1963 2249; baseline 0.001 -18"><span class='ocrx_word' id='word_1_212' title='bbox 267 2188 458 2245; x_wconf 80' lang='lat' dir='ltr'><strong>1890l9l</strong></span> <span class='ocrx_word' id='word_1_213' title='bbox 492 2203 531 2245; x_wconf 93' lang='lat' dir='ltr'><strong>p.</strong></span> <span class='ocrx_word' id='word_1_214' title='bbox 563 2188 625 2245; x_wconf 87' lang='grc'><strong>8);</strong></span> <span class='ocrx_word' id='word_1_215' title='bbox 667 2187 785 2243; x_wconf 84' lang='grc' dir='ltr'>ζειαί·</span> <span class='ocrx_word' id='word_1_216' title='bbox 816 2192 864 2234; x_wconf 71' lang='grc' dir='ltr'><strong>ἷι·</strong></span> <span class='ocrx_word' id='word_1_217' title='bbox 895 2193 952 2234; x_wconf 87' lang='grc' dir='ltr'><strong>ὡσ</strong></span> <span class='ocrx_word' id='word_1_218' title='bbox 982 2193 1114 2234; x_wconf 86' lang='grc' dir='ltr'>στεΐαι</span> <span class='ocrx_word' id='word_1_219' title='bbox 1153 2193 1286 2246; x_wconf 84' lang='grc' dir='ltr'>μνεῖαι</span> <span class='ocrx_word' id='word_1_220' title='bbox 1316 2193 1470 2249; x_wconf 82' lang='grc' dir='ltr'>χρεῖαι·</span> <span class='ocrx_word' id='word_1_221' title='bbox 1516 2191 1573 2233; x_wconf 87' lang='grc' dir='ltr'><strong>ὡσ</strong></span> <span class='ocrx_word' id='word_1_222' title='bbox 1618 2191 1664 2233; x_wconf 84' lang='grc' dir='ltr'><strong>ἐν</strong></span> <span class='ocrx_word' id='word_1_223' title='bbox 1709 2186 1963 2241; x_wconf 82' lang='grc' dir='ltr'>Κόλαξιν</span> 
     </span>
     <span class='ocr_line' id='line_1_27' title="bbox 268 2256 1960 2319; baseline -0.001 -14"><span class='ocrx_word' id='word_1_224' title='bbox 268 2256 532 2305; x_wconf 77' lang='grc' dir='ltr'>Εὔπολισ.</span> <span class='ocrx_word' id='word_1_225' title='bbox 554 2283 612 2291; x_wconf 90' lang='lat'><strong>-—</strong></span> <span class='ocrx_word' id='word_1_226' title='bbox 634 2260 720 2304; x_wconf 86' lang='lat' dir='ltr'><strong>Cfr.</strong></span> <span class='ocrx_word' id='word_1_227' title='bbox 752 2263 826 2306; x_wconf 89' lang='lat' dir='ltr'><strong>Ar.</strong></span> <span class='ocrx_word' id='word_1_228' title='bbox 858 2260 910 2302; x_wconf 84' lang='lat' dir='ltr'><strong>fr.</strong></span> <span class='ocrx_word' id='word_1_229' title='bbox 941 2261 1031 2302; x_wconf 86' lang='grc'><strong>412</strong></span> <span class='ocrx_word' id='word_1_230' title='bbox 1065 2261 1121 2302; x_wconf 79' lang='lat' dir='ltr'><strong>K:</strong></span> <span class='ocrx_word' id='word_1_231' title='bbox 1154 2259 1357 2318; x_wconf 84' lang='grc' dir='ltr'>ἀράκουσ,</span> <span class='ocrx_word' id='word_1_232' title='bbox 1389 2260 1569 2318; x_wconf 80' lang='grc' dir='ltr'>πυρούς,</span> <span class='ocrx_word' id='word_1_233' title='bbox 1601 2258 1823 2316; x_wconf 85' lang='grc' dir='ltr'>πτισάνην,</span> <span class='ocrx_word' id='word_1_234' title='bbox 1852 2260 1960 2319; x_wconf 84' lang='grc' dir='ltr'>χόν-</span> 
     </span>
     <span class='ocr_line' id='line_1_28' title="bbox 265 2328 1961 2390; baseline -0.001 -15"><span class='ocrx_word' id='word_1_235' title='bbox 265 2328 384 2388; x_wconf 85' lang='grc' dir='ltr'>δρον,</span> <span class='ocrx_word' id='word_1_236' title='bbox 433 2328 559 2385; x_wconf 84' lang='grc' dir='ltr'>ζειάσ,</span> <span class='ocrx_word' id='word_1_237' title='bbox 606 2332 743 2390; x_wconf 86' lang='grc' dir='ltr'>αἴρασ,</span> <span class='ocrx_word' id='word_1_238' title='bbox 791 2331 1012 2389; x_wconf 82' lang='grc' dir='ltr'>σεμίδαλιν.</span> <span class='ocrx_word' id='word_1_239' title='bbox 1059 2330 1184 2374; x_wconf 88' lang='lat' dir='ltr'><strong>Pher.</strong></span> <span class='ocrx_word' id='word_1_240' title='bbox 1228 2331 1279 2374; x_wconf 87' lang='lat' dir='ltr'><strong>fr.</strong></span> <span class='ocrx_word' id='word_1_241' title='bbox 1314 2331 1398 2375; x_wconf 84' lang='grc'><strong>188</strong></span> <span class='ocrx_word' id='word_1_242' title='bbox 1431 2331 1491 2373; x_wconf 84' lang='grc' dir='ltr'><strong>Κ;</strong></span> <span class='ocrx_word' id='word_1_243' title='bbox 1538 2330 1734 2387; x_wconf 83' lang='grc' dir='ltr'>κυάμουσ,</span> <span class='ocrx_word' id='word_1_244' title='bbox 1777 2329 1961 2389; x_wconf 80' lang='grc' dir='ltr'>ἀφάκην,</span> 
     </span>
     <span class='ocr_line' id='line_1_29' title="bbox 266 2398 1494 2460; baseline -0.001 -14"><span class='ocrx_word' id='word_1_245' title='bbox 266 2398 393 2455; x_wconf 83' lang='grc' dir='ltr'>ζειάσ,</span> <span class='ocrx_word' id='word_1_246' title='bbox 426 2402 563 2460; x_wconf 82' lang='grc' dir='ltr'>αἴρασ,</span> <span class='ocrx_word' id='word_1_247' title='bbox 593 2402 831 2448; x_wconf 78' lang='grc' dir='ltr'>ἀκεάννουσ.</span> <span class='ocrx_word' id='word_1_248' title='bbox 864 2429 922 2434; x_wconf 87' lang='grc'>-</span> <span class='ocrx_word' id='word_1_249' title='bbox 952 2402 1066 2445; x_wconf 90' lang='lat' dir='ltr'><strong>Xen.</strong></span> <span class='ocrx_word' id='word_1_250' title='bbox 1098 2402 1236 2445; x_wconf 87' lang='lat' dir='ltr'><strong>Anab.</strong></span> <span class='ocrx_word' id='word_1_251' title='bbox 1269 2402 1321 2457; x_wconf 87' lang='lat' dir='ltr'><strong>V,</strong></span> <span class='ocrx_word' id='word_1_252' title='bbox 1353 2404 1393 2455; x_wconf 88' lang='lat'><strong>4,</strong></span> <span class='ocrx_word' id='word_1_253' title='bbox 1425 2403 1494 2445; x_wconf 86' lang='grc'><strong>27.</strong></span> 
     </span>
    </p>
   </div>
   <div class='ocr_carea' id='block_1_8' title="bbox 638 2511 1602 2651">
    <p class='ocr_par' dir='ltr' id='par_1_10' title="bbox 638 2511 1602 2651">
     <span class='ocr_line' id='line_1_30' title="bbox 1078 2511 1144 2552; baseline 0 0"><span class='ocrx_word' id='word_1_254' title='bbox 1078 2511 1144 2552; x_wconf 77' lang='grc'><strong>15.</strong></span> 
     </span>
     <span class='ocr_line' id='line_1_31' title="bbox 638 2591 1602 2651; baseline -0.002 -13"><span class='ocrx_word' id='word_1_255' title='bbox 638 2591 786 2651; x_wconf 84' lang='grc' dir='ltr'>ὧφειλ’</span> <span class='ocrx_word' id='word_1_256' title='bbox 833 2591 1059 2638; x_wconf 61' lang='grc' dir='ltr'>’Υάκινᾶοσ</span> <span class='ocrx_word' id='word_1_257' title='bbox 1089 2591 1336 2638; x_wconf 63' lang='grc' dir='ltr'>ἀποθανεῖν</span> <span class='ocrx_word' id='word_1_258' title='bbox 1366 2591 1602 2651; x_wconf 75' lang='grc' dir='ltr'>ἀμυγδαλῆ.</span> 
     </span>
    </p>
   </div>
   <div class='ocr_carea' id='block_1_9' title="bbox 258 2685 1957 3029">
    <p class='ocr_par' dir='ltr' id='par_1_11' title="bbox 258 2685 1957 3029">
     <span class='ocr_line' id='line_1_32' title="bbox 403 2685 1956 2746; baseline 0.001 -18"><span class='ocrx_word' id='word_1_259' title='bbox 403 2685 524 2728; x_wconf 86' lang='lat' dir='ltr'><strong>Phot.</strong></span> <span class='ocrx_word' id='word_1_260' title='bbox 556 2686 693 2729; x_wconf 86' lang='lat' dir='ltr'><strong>Berol.</strong></span> <span class='ocrx_word' id='word_1_261' title='bbox 726 2688 796 2740; x_wconf 80' lang='lat'><strong>97,</strong></span> <span class='ocrx_word' id='word_1_262' title='bbox 827 2688 901 2730; x_wconf 81' lang='lat'><strong>25:</strong></span> <span class='ocrx_word' id='word_1_263' title='bbox 950 2687 1183 2744; x_wconf 77' lang='grc' dir='ltr'>ἀμυγδαλῆ·</span> <span class='ocrx_word' id='word_1_264' title='bbox 1215 2690 1482 2746; x_wconf 84' lang='grc' dir='ltr'>περισπᾶται</span> <span class='ocrx_word' id='word_1_265' title='bbox 1512 2689 1567 2731; x_wconf 86' lang='grc' dir='ltr'><strong>τὸ</strong></span> <span class='ocrx_word' id='word_1_266' title='bbox 1598 2685 1788 2744; x_wconf 84' lang='grc' dir='ltr'>δένδρον,</span> <span class='ocrx_word' id='word_1_267' title='bbox 1821 2687 1956 2741; x_wconf 79' lang='grc' dir='ltr'>ἀμυγ-</span> 
     </span>
     <span class='ocr_line' id='line_1_33' title="bbox 259 2753 1957 2816; baseline -0.001 -14"><span class='ocrx_word' id='word_1_268' title='bbox 259 2756 372 2810; x_wconf 82' lang='grc' dir='ltr'>δάλη</span> <span class='ocrx_word' id='word_1_269' title='bbox 392 2756 440 2802; x_wconf 88' lang='grc' dir='ltr'><strong>δὲ</strong></span> <span class='ocrx_word' id='word_1_270' title='bbox 461 2761 486 2802; x_wconf 91' lang='grc' dir='ltr'><em>ὀ</em></span> <span class='ocrx_word' id='word_1_271' title='bbox 508 2760 682 2816; x_wconf 86' lang='grc' dir='ltr'>καρπὸσ</span> <span class='ocrx_word' id='word_1_272' title='bbox 701 2757 1028 2816; x_wconf 83' lang='grc' dir='ltr'>παροξυνεΐται.</span> <span class='ocrx_word' id='word_1_273' title='bbox 1058 2757 1314 2804; x_wconf 79' lang='grc' dir='ltr'>Εὕπολισ</span> <span class='ocrx_word' id='word_1_274' title='bbox 1344 2757 1592 2803; x_wconf 80' lang='grc' dir='ltr'>Πόλεσιν·</span> <span class='ocrx_word' id='word_1_275' title='bbox 1627 2754 1828 2816; x_wconf 83' lang='grc' dir='ltr'>,ὧφειλ’</span> <span class='ocrx_word' id='word_1_276' title='bbox 1849 2753 1957 2800; x_wconf 84' lang='grc' dir='ltr'>κτλ.’</span> 
     </span>
     <span class='ocr_line' id='line_1_34' title="bbox 261 2827 1955 2887; baseline 0.001 -17"><span class='ocrx_word' id='word_1_277' title='bbox 261 2828 417 2872; x_wconf 88' lang='lat' dir='ltr'><strong>Athen.</strong></span> <span class='ocrx_word' id='word_1_278' title='bbox 449 2827 508 2882; x_wconf 85' lang='lat' dir='ltr'><strong>II,</strong></span> <span class='ocrx_word' id='word_1_279' title='bbox 540 2829 597 2871; x_wconf 75' lang='lat'><strong>52</strong></span> <span class='ocrx_word' id='word_1_280' title='bbox 629 2828 662 2870; x_wconf 86' lang='lat' dir='ltr'><strong>f:</strong></span> <span class='ocrx_word' id='word_1_281' title='bbox 694 2827 922 2887; x_wconf 76' lang='grc' dir='ltr'>Πάμφιλος</span> <span class='ocrx_word' id='word_1_282' title='bbox 951 2830 1026 2886; x_wconf 85' lang='grc' dir='ltr'><strong>μὲν</strong></span> <span class='ocrx_word' id='word_1_283' title='bbox 1057 2828 1179 2882; x_wconf 80' lang='grc' dir='ltr'>ἀξιοῖ</span> <span class='ocrx_word' id='word_1_284' title='bbox 1205 2830 1281 2874; x_wconf 74' lang='grc' dir='ltr'><strong>ἐπὶ</strong></span> <span class='ocrx_word' id='word_1_285' title='bbox 1299 2833 1381 2874; x_wconf 86' lang='grc' dir='ltr'><strong>τοῦ</strong></span> <span class='ocrx_word' id='word_1_286' title='bbox 1401 2833 1575 2887; x_wconf 85' lang='grc' dir='ltr'>καρποῦ</span> <span class='ocrx_word' id='word_1_287' title='bbox 1605 2827 1805 2886; x_wconf 82' lang='grc' dir='ltr'>βαρύνειν</span> <span class='ocrx_word' id='word_1_288' title='bbox 1835 2827 1955 2882; x_wconf 84' lang='grc' dir='ltr'>ὁμοί-</span> 
     </span>
     <span class='ocr_line' id='line_1_35' title="bbox 262 2897 1957 2960; baseline -0.002 -16"><span class='ocrx_word' id='word_1_289' title='bbox 262 2917 319 2945; x_wconf 87' lang='grc' dir='ltr'><strong>ωσ</strong></span> <span class='ocrx_word' id='word_1_290' title='bbox 347 2903 409 2959; x_wconf 84' lang='grc' dir='ltr'><strong>τῷ</strong></span> <span class='ocrx_word' id='word_1_291' title='bbox 439 2898 681 2960; x_wconf 80' lang='grc' dir='ltr'>ἀμυγδάλῳ·</span> <span class='ocrx_word' id='word_1_292' title='bbox 712 2902 768 2944; x_wconf 88' lang='grc' dir='ltr'><strong>τὸ</strong></span> <span class='ocrx_word' id='word_1_293' title='bbox 797 2901 941 2956; x_wconf 83' lang='grc' dir='ltr'>μέντοι</span> <span class='ocrx_word' id='word_1_294' title='bbox 972 2899 1148 2958; x_wconf 86' lang='grc' dir='ltr'>δένδρον</span> <span class='ocrx_word' id='word_1_295' title='bbox 1177 2898 1307 2944; x_wconf 58' lang='grc' dir='ltr'>θέλει</span> <span class='ocrx_word' id='word_1_296' title='bbox 1338 2903 1580 2958; x_wconf 85' lang='grc' dir='ltr'>περισπᾶν.</span> <span class='ocrx_word' id='word_1_297' title='bbox 1597 2935 1606 2944; x_wconf 93' lang='grc'><strong>.</strong></span> <span class='ocrx_word' id='word_1_298' title='bbox 1621 2935 1630 2944; x_wconf 95' lang='grc'><strong>.</strong></span> <span class='ocrx_word' id='word_1_299' title='bbox 1678 2897 1957 2957; x_wconf 82' lang='grc' dir='ltr'>Ἀρίσταρχοσ</span> 
     </span>
     <span class='ocr_line' id='line_1_36' title="bbox 258 2966 1956 3029; baseline -0.002 -14"><span class='ocrx_word' id='word_1_300' title='bbox 258 2969 307 3015; x_wconf 85' lang='grc' dir='ltr'><strong>δὲ</strong></span> <span class='ocrx_word' id='word_1_301' title='bbox 337 2971 407 3015; x_wconf 75' lang='grc' dir='ltr'><strong>καὶ</strong></span> <span class='ocrx_word' id='word_1_302' title='bbox 435 2972 515 3015; x_wconf 88' lang='grc' dir='ltr'><strong>τὸν</strong></span> <span class='ocrx_word' id='word_1_303' title='bbox 544 2972 717 3028; x_wconf 86' lang='grc' dir='ltr'>καρπὸν</span> <span class='ocrx_word' id='word_1_304' title='bbox 746 2971 815 3015; x_wconf 78' lang='grc' dir='ltr'><strong>καὶ</strong></span> <span class='ocrx_word' id='word_1_305' title='bbox 844 2972 899 3015; x_wconf 88' lang='grc' dir='ltr'><strong>τὸ</strong></span> <span class='ocrx_word' id='word_1_306' title='bbox 939 2969 1117 3028; x_wconf 85' lang='grc' dir='ltr'>δένδρον</span> <span class='ocrx_word' id='word_1_307' title='bbox 1159 2971 1312 3027; x_wconf 85' lang='grc' dir='ltr'>ὁμοίωσ</span> <span class='ocrx_word' id='word_1_308' title='bbox 1352 2972 1630 3029; x_wconf 83' lang='grc' dir='ltr'>προφέρεται</span> <span class='ocrx_word' id='word_1_309' title='bbox 1671 2966 1765 3013; x_wconf 81' lang='grc' dir='ltr'>κατ’</span> <span class='ocrx_word' id='word_1_310' title='bbox 1807 2966 1956 3020; x_wconf 83' lang='grc' dir='ltr'>ὀξεῖαν</span> 
     </span>
    </p>
   </div>
   <div class='ocr_carea' id='block_1_10' title="bbox 260 3037 1954 3100">
    <p class='ocr_par' dir='ltr' id='par_1_12' title="bbox 260 3037 1954 3100">
     <span class='ocr_line' id='line_1_37' title="bbox 260 3037 1954 3100; baseline -0.004 -14"><span class='ocrx_word' id='word_1_311' title='bbox 260 3041 392 3086; x_wconf 81' lang='grc' dir='ltr'>τάσιν.</span> <span class='ocrx_word' id='word_1_312' title='bbox 429 3039 673 3095; x_wconf 83' lang='grc' dir='ltr'>Φιλόξενοσ</span> <span class='ocrx_word' id='word_1_313' title='bbox 713 3039 750 3086; x_wconf 81' lang='grc' dir='ltr'><strong>δ’</strong></span> <span class='ocrx_word' id='word_1_314' title='bbox 793 3043 1046 3099; x_wconf 84' lang='grc' dir='ltr'>ἀμφότερον</span> <span class='ocrx_word' id='word_1_315' title='bbox 1084 3045 1281 3100; x_wconf 82' lang='grc' dir='ltr'>περισπᾷ</span> <span class='ocrx_word' id='word_1_316' title='bbox 1323 3041 1396 3096; x_wconf 75' lang='lat' dir='ltr'><strong>(cf.</strong></span> <span class='ocrx_word' id='word_1_317' title='bbox 1430 3040 1581 3096; x_wconf 88' lang='lat' dir='ltr'><strong>Eupol.</strong></span> <span class='ocrx_word' id='word_1_318' title='bbox 1614 3040 1665 3082; x_wconf 89' lang='lat' dir='ltr'><strong>fr.</strong></span> <span class='ocrx_word' id='word_1_319' title='bbox 1698 3040 1755 3082; x_wconf 78' lang='lat'><strong>70</strong></span> <span class='ocrx_word' id='word_1_320' title='bbox 1786 3038 1846 3091; x_wconf 82' lang='lat' dir='ltr'><strong>K3</strong></span> <span class='ocrx_word' id='word_1_321' title='bbox 1878 3037 1954 3080; x_wconf 86' lang='lat' dir='ltr'><strong>Ar.</strong></span> 
     </span>
    </p>
   </div>
  </div>
 </body>
</html>
