2280 3626
274 249 374 300 μ’]
871 263 1193 291 suvpmnssu'ruu
1214 261 1392 289 comeum
1923 245 1982 288 35

1113 390 1151 430 9.

944 475 999 516 λυ
999 471 1322 531 χνοκαυ(ς)τεῖν.

421 568 584 612 Polluc.
619 568 687 624 10,
722 567 808 612 115
841 569 896 624 (p.
928 567 1030 622 431,
1059 566 1089 607 4
1119 563 1291 620 Bekk.):
1332 565 1402 609 καὶ
1431 567 1762 624 λυχνοκαυςτεῖν
1791 565 1866 620 μὲν
1896 565 1984 623 ἔφη

277 639 562 700 Κρατῖνος
593 643 649 684 ἐν
681 643 753 699 τῷ
791 636 1108 696 Τροφωνίῳ.
1152 636 1226 679 Sic
1269 635 1429 691 legitur
1470 635 1517 676 in
1560 634 1653 677 cod.
1693 634 1985 677 Laurentiano

277 710 346 770 (Ε.
376 711 512 765 Maus,
544 710 692 754 Herm.
729 709 855 763 1880,
888 709 993 764 619)
1037 722 1113 764 pro
1145 707 1212 764 iis,
1243 720 1352 763 quae
1393 704 1571 749 Bekker
1612 704 1821 747 ediderat:
1854 708 1989 751 αὐτὸς

277 781 544 840 (Herodotus
575 781 633 836 II,
665 781 739 836 62)
784 781 860 837 μὲν
891 780 960 824 καὶ
989 779 1251 839 λυχνοκαΐαν
1289 778 1464 835 εἴρηκεν,
1511 778 1579 821 καὶ
1621 775 1834 835 Κρατῖνος
1864 775 1911 821 δὲ
1943 780 1989 821 ἐν

277 857 341 914 τῷ
377 850 625 911 Τροφωνίῳ,
659 851 776 893 unde
806 850 937 892 Koek
969 850 1038 903 (fr.
1071 848 1174 904 227)
1197 847 1375 891 Cratino
1406 847 1591 890 verbum
1622 848 1882 907 λυχνοκαΐαν
1911 847 1987 888 tri-

279 923 382 967 buit.
406 949 459 954 -
483 921 573 967 Ofr.
606 921 727 965 Phot.
758 925 1007 981 λυχνοκῶςα
1038 922 1360 980 (λυχνοκοοῦςα
1381 917 1542 961 Telecl.
1565 918 1617 960 fr.
1639 918 1697 960 60
1721 918 1790 972 Κ)·
1824 921 1984 977 λυχνο-

277 998 504 1040 καυτοῦςα.
539 993 642 1036 Hes.
674 996 959 1053 λυχνοκῶςαν·
988 994 1403 1051 λυχνοκαυςτοῦςαν.
1430 1015 1487 1020 -
1510 989 1638 1031 Dion.
1672 989 1788 1032 Cass.
1821 988 1889 1044 63,
1911 988 1985 1031 2οῑ

279 1069 359 1119 τῆς
388 1067 564 1110 πόλεως
597 1065 944 1122 ἐςτεφανωμένης
974 1063 1043 1107 καὶ
1073 1061 1456 1122 λυχνοκαυτούςης.

1103 1182 1170 1223 10.

638 1280 662 1307 a
694 1263 843 1320 βούλει
874 1263 1171 1324 μονῳδήςωμεν
1202 1266 1349 1307 αὐτοῖς
1379 1263 1425 1306 ἕν
1454 1263 1512 1318 γε’
1538 1280 1606 1311 τι;

637 1406 665 1449 b
698 1410 774 1451 οὐκ
804 1406 857 1450 ἂν
886 1405 1160 1466 μονῳδήςειεν
1194 1405 1568 1460 ἐκπεπληγμένος.

425 1515 531 1557 Lex.
564 1514 748 1556 Messan.
780 1514 868 1556 280
900 1528 928 1555 v
962 1515 1033 1556 11:
1070 1511 1270 1572 μονῳδεῖν
1302 1512 1372 1556 ςὺν
1402 1515 1463 1571 τῷ
1493 1522 1517 1551 ῐ·
1566 1508 1874 1568 Ἀριςτοφάνης
1919 1507 1991 1563 (fr.

283 1586 341 1635 82
357 1585 431 1639 D)'
450 1585 558 1636 ,εἶτα
578 1583 778 1644 μονῳδεῖν
799 1588 847 1629 ἐκ
868 1583 1059 1637 Μηδείας
1080 1584 1149 1628 καὶ
1168 1582 1261 1636 τάξ
1281 1581 1440 1627 αὐτοῦ’.
1480 1580 1762 1639 Κρατῖνος
1794 1577 1992 1638 Ὥραις

284 1654 500 1714 ,βούλει
530 1654 653 1712 κτλ.’,
695 1656 764 1700 καὶ
795 1654 936 1700 πάλιν
979 1657 1088 1704 ,οὐκ
1128 1654 1190 1698 ἃν
1218 1652 1324 1698 κτλ.’
1366 1651 1548 1713 μονῳδία
1591 1653 1661 1697 ςὺν
1691 1656 1751 1711 τῷ
1781 1662 1806 1701 ἱ,
1839 1653 1863 1704 ἡ
1895 1652 1990 1695 ἀπὸ

283 1731 486 1780 ςκηνῆς
516 1725 601 1786 ᾠδὴ
632 1730 678 1771 ἐν
707 1730 802 1771 τοῖς
832 1725 1024 1784 δράμαςι,
1057 1726 1126 1770 καὶ
1156 1723 1356 1784 μονῳδεῖν
1376 1726 1430 1768 τὸ
1452 1722 1641 1782 θρηνεῖν·
1675 1726 1868 1767 ἐπιεικῶς
1897 1721 1987 1779 γὰρ

284 1801 420 1844 πᾶςαι
467 1801 511 1842 αι’
541 1800 635 1842 ἀπὸ
667 1801 815 1850 ςκηνῆς
845 1795 949 1856 ᾠδαὶ
980 1800 1024 1840 ἐν
1055 1800 1110 1855 τῇ
1140 1794 1360 1855 τραγῳδίᾳ
1401 1793 1567 1853 θρῆνοί
1602 1797 1710 1843 εἰςιν,
1754 1796 1990 1837 ἐκαλοῦντο

283 1868 332 1914 δὲ
362 1871 457 1914 ἀπὸ
489 1872 638 1922 ςκηνῆς
678 1871 722 1912 αἱ
760 1872 846 1912 τῶν
889 1870 1144 1924 ὑποκριτῶν.
1190 1865 1403 1924 Κρατῖνος
1451 1863 1618 1923 Ἶὶραις.
1652 1889 1709 1894 -
1743 1863 1834 1906 Cfr.
1868 1862 1990 1905 Phot.

283 1947 326 1982 et
367 1939 488 1984 Suid.
533 1955 564 1981 s.
609 1954 650 1981 v.
691 1938 891 1998 μονῳδεῖν
932 1945 974 1980 et
1012 1936 1208 1997 μονῳδια.
1242 1962 1299 1967 -
1342 1936 1446 1978 Hes.
1486 1934 1674 1995 μονῳδεῖ·
1712 1932 1988 1991 μονοὸρηνεῖ·

283 2010 466 2071 μονῳδία
497 2012 687 2067 λέγεται,
721 2012 797 2054 ὅτε
829 2010 888 2054 εἷς
917 2011 1048 2066 μόνος
1078 2009 1156 2061 τὴν
1187 2007 1307 2067 ᾠδήν,
1342 2010 1424 2067 οὐχ
1455 2010 1563 2063 ὁμοῦ
1593 2010 1617 2050 ὸ
1649 2007 1789 2065 χορὸς
1821 2003 1923 2063 ᾄδει.

1108 2127 1173 2167 11.

1030 2208 1243 2264 ἁναὙανγή·

431 2303 553 2347 Phot.
574 2304 711 2348 Berol.
738 2305 833 2355 109,
858 2304 929 2346 16:
958 2303 1174 2359 ἁναγωγή·
1199 2303 1273 2346 ἐπὶ
1294 2305 1428 2346 πλοῦ·
1462 2299 1745 2359 Κρατῖνος
1783 2297 1991 2357 Ὥραις.

289 2374 380 2420 cfr.
413 2375 515 2418 Hes.
549 2375 833 2432 ‹iva-yonam..
867 2378 892 2419 ὀ
924 2378 972 2419 ἐκ
1000 2377 1079 2426 τῆς
1124 2370 1339 2418 Ἑλλάδος
1372 2375 1429 2416 εἰς
1451 2372 1529 2424 τὴν
1558 2369 1718 2429 Τροίαν
1739 2372 1989 2415 ἀπόπλους.

292 2444 411 2489 Suid.
444 2446 659 2502 ἀναγωγή·
691 2449 716 2490 ὀ
747 2450 832 2490 τῶν
865 2449 965 2489 νεῶν
997 2445 1197 2489 ἔκπλους.

1056 2643 1221 2688 ἀνεκάς.

433 2738 555 2782 Phoc.
589 2738 724 2782 Berol.
762 2740 857 2795 129,
892 2739 965 2780 13:
997 2738 1162 2783 ἀνεκάς·
1195 2739 1350 2795 ψιλῶς,
1381 2739 1435 2781 τὸ
1467 2735 1552 2780 α”νω
1581 2737 1765 2792 λέγουςι,
1795 2735 1863 2778 καὶ
1894 2734 1992 2777 ἀνέ-

292 2809 431 2856 καθεν
459 2812 515 2855 τὸ
546 2808 726 2854 ἄνωθεν.
762 2807 958 2854 Εὔπολις
989 2806 1218 2867 Αὐτολύκῳ
1249 2807 1318 2862 (fr.
1351 2807 1408 2849 50
1440 2807 1500 2862 K)
1531 2807 1600 2851 καὶ
1630 2804 1805 2864 Κράτης
1841 2802 1992 2861 Ἦρωςι

291 2880 360 2936 (st.
396 2881 451 2923 10
483 2880 544 2936 K)
575 2881 644 2925 καὶ
684 2877 967 2937 Κρατῖνος
1015 2875 1221 2936 Ὥραις.
1264 2876 1426 2935 Phryn.
1459 2877 1528 2932 32,
1565 2880 1613 2920 11
1650 2877 1782 2919 Bon-‚2
1825 2873 1989 2918 α’νεκάς·

306 2950 514 2998 Ἀττικῶς·
547 2951 616 2995 καὶ
647 2967 827 3002 ςηιιαινει
857 2951 913 2993 τὸ
944 2947 1041 2993 ἅνω.
1075 2947 1164 2990 Ofr.
1196 2946 1333 2990 Bekk.
1365 2946 1529 2989 Anecd.
1561 2947 1660 3001 395,
1691 2947 1759 2988 24.
1784 2970 1837 2976 —-
1869 2942 1991 2986 Suid.

277 3037 324 3075 ys.
356 3038 399 3065 v.
432 3020 596 3067 ἀνεκάς.
629 3044 686 3052 —-
715 3021 789 3063 Ar.
821 3019 951 3075 Venp.
988 3019 1051 3061 18.
1084 3020 1234 3075 φέρειν
1266 3043 1321 3048 -
1353 3017 1507 3063 ἀνεκὰς
1538 3020 1596 3061 εἰς
1626 3019 1705 3060 τὸν
1736 3016 1931 3072 οὐρανόν.

435 3090 576 3137 ἀνεικός]
604 3091 730 3127 ἀνέκαε
755 3092 834 3127 eod.
861 3090 892 3125 b.
