2280 3626
239 228 338 278 [273]
839 245 1158 273 suppnmnwu
1181 246 1361 274 oomctm
1893 235 1951 277 69

852 371 923 413 Ex
953 371 1134 413 incertis
1164 371 1340 414 fabulis.

1066 457 1130 498 11.

1032 524 1146 580 ζῆθι·

381 610 529 668 Etym.
577 609 767 653 Genuin.
815 609 909 652 eod.
942 612 976 652 A
1010 608 1334 660 (Reitzenstein,
1380 609 1524 653 Index
1570 611 1702 655 schol.
1747 611 1948 658 Rostoeh⁴

244 681 408 740 1891s2
439 696 479 739 p.
514 682 586 739 12)
619 695 651 724 S.
675 697 716 724 V.
750 679 867 735 ζῆ...
899 682 1021 726 τὸ...
1057 678 1158 735 ζῆθι
1178 678 1274 726 κατ’
1298 682 1527 726 ἐπέκταςιν
1549 683 1639 743 ἔχει
1659 683 1738 737 τὴν
1764 682 1827 730 ΘΙ
1850 689 1950 731 ςυλ-

240 751 396 811 λαβήν.
430 753 604 811 εὕρηται
635 753 706 798 καῖ
735 752 863 809 παρὰ
898 750 1106 809 Φιλήμονι
1134 752 1244 808 μετὰ
1274 755 1354 805 τῆς
1383 751 1644 812 προὸέςεως
1684 753 1847 810 ςύζηθι.
1881 757 1950 802 εὕ-

239 842 369 885 ρηται
403 823 563 877 <δὲ>
599 825 670 870 καῖ
699 824 827 883 παρὰ
863 822 1231 882 Φερεκράτει.
1264 823 1581 880 Imperativum
1616 823 1717 879 ζῆθι
1747 827 1856 868 vitio
1882 842 1951 869 or-

238 902 331 940 tum
363 910 459 939 esse
490 911 546 939 ex
591 894 764 953 imperf.
812 892 885 949 ἔζη
933 893 1058 949 ἐζῆτε
1103 900 1227 951 putat
1272 893 1410 937 Cobet
1439 895 1568 952 (δον.
1600 895 1697 940 leet.
1731 898 1847 953 494).
1899 901 1953 942 At

240 975 359 1012 reete
389 968 684 1011 Reitzenstein
716 968 965 1023 suspicatur
995 967 1252 1024 imperativo
1286 964 1387 1021 ζῆθι
1432 967 1623 1010 comicos
1664 983 1764 1010 usos
1807 969 1952 1025 fuisse,

240 1040 431 1097 tragicos
463 1046 608 1082 autem
643 1038 830 1080 formam
864 1035 914 1092 ζῆ
944 1051 1189 1095 usurpasse,
1220 1053 1351 1095 quam
1381 1039 1542 1095 posteri
1572 1053 1704 1081 unam
1738 1055 1842 1083 vere
1878 1042 1952 1083 At·

240 1112 372 1155 ticam
406 1110 623 1154 dicebant.

1069 1181 1132 1222 12.

407 1254 439 1299 ὦ
470 1252 669 1309 Χάριτες,
706 1251 960 1311 ἁφροδίςιόν
989 1250 1068 1297 τιν’
1100 1253 1296 1310 ὑμέναιον
1326 1255 1491 1304 ὑμνεῖτε
1520 1256 1702 1311 γαμικόν
1731 1274 1793 1300 τε.

385 1339 493 1380 Lex,
515 1335 708 1380 Sabbait.
731 1337 771 1392 2,
792 1336 867 1379 22;
890 1334 1144 1394 ἀφροδίςιον
1163 1337 1370 1393 ὑμέναιον·
1390 1335 1775 1396 Φερεκράτης·
1796 1338 1828 1384 ὦ
1850 1337 1952 1384 Χά-

244 1426 405 1468 ριτες
434 1405 542 1453 κτλ.’
575 1433 631 1438 -
667 1406 758 1450 Cfr.
790 1405 946 1449 Athen.
980 1408 1020 1460 4,
1051 1421 1091 1464 p.
1125 1408 1210 1450 130
1243 1421 1286 1449 a:
1319 1406 1511 1466 ᾀδόντων
1540 1411 1722 1466 γαμικὸν
1752 1410 1889 1466 ὖμνον.

383 1477 450 1515 τιν’
487 1480 657 1516 Reinach
693 1476 800 1524 (Rev.
838 1480 904 1514 des
941 1478 987 1515 et.
1022 1491 1076 1525 gr.
1112 1478 1215 1524 1892,
1240 1477 1327 1524 324)
1350 1478 1406 1514 τὶς
1431 1481 1511 1516 cod.
1539 1499 1582 1504 —-
1610 1479 1747 1525 ὑμνεῖτε
1771 1481 1950 1527 Reinach]

244 1539 343 1585 ὑμνεῖ
362 1541 442 1577 cod.
470 1559 513 1564 —
539 1538 689 1584 γαμικόν
712 1551 755 1573 τε
787 1539 898 1574 Kook
931 1536 1055 1583 (RhM.
1083 1538 1186 1585 1893,
1224 1537 1310 1584 582)
1355 1551 1400 1575 ex
1434 1540 1573 1576 codicis
1603 1541 1762 1577 lectione
1793 1539 1951 1586 γαμικότ]

242 1598 461 1645 γεγαμηκότι
485 1599 576 1645 Pap.
603 1603 641 1634 et
663 1598 840 1634 Reinach.

387 1658 579 1695 Troohaeo
607 1677 648 1682 —
677 1658 833 1693 creticos
858 1669 939 1693 esse
962 1661 1071 1703 putat
1093 1658 1260 1693 Reinaoh
1283 1658 1516 1704 improbante
1540 1659 1698 1705 Koekio‚
1729 1660 1792 1706 qui
1810 1660 1954 1696 dubita-

243 1719 392 1756 bundus
414 1718 527 1754 hosce
551 1729 683 1754 versus
707 1717 927 1752 restituerit:
954 1713 982 1751 ὦ
998 1714 1153 1762 Χάριτες
1184 1714 1416 1755 <ἕλὸετ’>,
1446 1716 1655 1763 ἀφροὸίςιον
1676 1719 1681 1762 Ι
1709 1721 1848 1757 <νῦν>
1886 1717 1951 1754 τιν’

243 1775 404 1822 ὑμέναιον
427 1775 564 1822 ὑμνεῖτε
588 1776 737 1821 ’γαμικόν
760 1789 803 1811 τε
829 1789 871 1817 2.
898 1776 971 1813 Sed
996 1777 1119 1812 omnia
1141 1776 1203 1812 hie
1227 1777 1368 1812 ineerta
1392 1781 1489 1812 sunt.

1067 1859 1132 1902 13.

556 1930 646 1977 οὐδ’
681 1934 741 1977 εἰς
784 1929 986 1990 Ἑταίρας
1017 1929 1106 1976 οὐδ’
1152 1929 1413 1990 Ἀφροδιτου
1442 1932 1645 1977 πώποτε.

386 2015 491 2058 Lex.
525 2014 719 2059 Sabbait.
751 2015 792 2070 3,
815 2016 859 2057 7:
894 2019 945 2066 <
964 2012 1236 2073 Ἀφρόδιτος,
1260 2017 1285 2058 ὁ
1321 2012 1682 2073 Ἑρμαφρόδιτος.
1705 2016 1951 2074 παραπλή-

246 2104 325 2132 ςιοι
355 2084 404 2131 δὲ
433 2087 576 2147 τούτῳ
607 2086 736 2132 ἄλλοι
766 2085 974 2143 δαίμονες,
1015 2083 1249 2144 Ὀρδάνηᾳ
1282 2083 1553 2143 Πριἀπος,>
1578 2087 1648 2130 καῖ
1693 2084 1952 2146 Ἀριστοφά-

248 2175 321 2211 νης
350 2159 552 2215 μέμνηται
591 2156 779 2216 Ἦρωςιν,
827 2155 1165 2216 Ἀπολλοφάνης
1197 2154 1352 2215 Κρηςίν
1382 2156 1450 2213 (fr.
1485 2158 1507 2198 1
1542 2157 1615 2213 D)·
1658 2193 1668 2207 ,
1686 2155 1950 2211 Ἀςκληπιός,

248 2227 458 2278 Κύννειος,
515 2226 788 2287 Ἀφρόδιτος,
838 2226 1013 2289 Τύχωνῖ
1061 2226 1442 2286 Φερεκράτης·
1484 2227 1606 2285 ,οὐδ’
1640 2231 1721 2274 εἰς
1751 2227 1861 2274 κτλ.’
1895 2254 1952 2260 -

249 2299 340 2344 cfr.
378 2298 625 2357 Apollodor.
670 2298 827 2342 Athen.
873 2299 990 2356 apud
1036 2298 1190 2342 Athen.
1226 2300 1294 2353 13,
1330 2313 1369 2355 p.
1402 2300 1486 2341 571
1522 2313 1545 2341 o
1577 2298 1731 2355 (FHG.
1763 2300 1796 2355 Ι,
1828 2300 1952 2354 431):

262 2368 464 2429 Ἐταίραν
495 2369 543 2415 δὲ
574 2370 653 2424 τὴν
698 2368 956 2429 Ἀφροδίτην
985 2370 1064 2424 τὴν
1092 2371 1197 2415 τοὺς
1227 2371 1427 2429 ἑταίρους
1457 2370 1628 2416 καὶτὰς
1649 2372 1826 2430 ἑταίρας
1856 2389 1950 2417 ςυν-

250 2441 451 2499 άγουςαν·
484 2445 619 2487 τοῦτο
650 2440 687 2487 δ’
721 2443 832 2487 ε’ςτὶν
862 2443 1011 2500 φίλας.
1046 2467 1100 2472 --
1134 2442 1324 2484 Maerob.
1357 2440 1529 2484 Saturn.
1561 2442 1601 2495 3,
1633 2441 1675 2484 8:
1708 2441 1824 2498 apud
1857 2442 1952 2487 Cal-

248 2527 354 2555 vum
385 2511 648 2555 Aeterianus
680 2512 871 2555 affirmat
911 2512 1144 2569 legendum
1188 2512 1508 2569 pollentemque
1549 2513 1678 2555 deum
1722 2513 1952 2567 Venerem,

251 2598 337 2625 non
369 2586 507 2626 deam:
542 2584 715 2639 signum
749 2583 878 2626 etiam
910 2584 1004 2625 eius
1036 2591 1100 2626 est
1119 2584 1254 2640 Cypri
1288 2583 1518 2625 barbatum
1550 2598 1729 2640 corpore
1760 2592 1803 2627 et
1833 2591 1953 2627 veste

249 2653 455 2696 muliebri
487 2668 585 2696 eum
620 2660 790 2711 seeptro
822 2669 873 2697 ae
905 2662 1070 2696 statura
1103 2654 1234 2708 virili,
1267 2662 1307 2696 et
1337 2661 1491 2712 putant
1512 2654 1695 2698 eandem
1723 2670 1888 2698 marem
1910 2662 1952 2698 et

251 2724 459 2767 feminam
503 2739 616 2779 esse3
658 2724 969 2782 Aristophanes
1000 2725 1071 2781 (fr.
1105 2726 1190 2767 702
1224 2725 1279 2781 Κ)
1310 2739 1406 2767 eam
1452 2723 1710 2784 Ἀφρόδιτον
1749 2726 1951 2783 appellat.

393 2797 518 2833 Verba
552 2794 767 2842 Ἀφρόδιτος
791 2809 908 2843 usque
934 2798 981 2832 ad
1007 2794 1166 2842 Πρίαπος
1191 2796 1334 2832 addidit
1360 2797 1498 2843 Papad.
1536 2809 1579 2833 ex
1613 2798 1730 2833 Bekk.
1764 2798 1835 2833 An.
1869 2796 1950 2843 472,

250 2854 297 2890 24
322 2860 360 2892 et
382 2856 533 2891 Baohm.
559 2855 631 2891 An.
657 2856 685 2900 I,
712 2868 747 2901 p.
775 2855 854 2900 173,
880 2855 913 2890 8.
943 2874 982 2879 —
1010 2856 1060 2890 εἰς
1086 2853 1194 2901 Pap.]
1220 2853 1269 2889 εἶς
1294 2856 1374 2891 eod.

1070 2926 1136 2968 14.

1011 3015 1189 3042 αναςτω.

394 3079 516 3123 Phot.
551 3079 692 3122 Berol.
727 3080 824 3134 122,
857 3080 931 3122 27:
969 3081 1147 3125 ἀναςτῶ·
1180 3080 1276 3125 ἀντὶ
1304 3084 1385 3125 τοῦ
1415 3080 1643 3133 duaci-rico).
1678 3077 1851 3137 Κράτης
1881 3078 1950 3135 (fr.

1928 3161 1950 3196 6
