2280 3626
273 285 374 335 [211]
862 301 1182 329 summum-uu
1202 300 1383 329 comem(
1950 288 1974 329 7

986 425 1266 471 ALOAEUS.

1108 511 1146 553 l.

649 593 847 656 Μίνῳαν,·
878 592 977 639 ἀλλ’
1009 591 1159 651 οἴμωζε
1189 596 1346 639 σαυτὸν
1374 593 1606 651 περιθέων.

418 678 568 721 Lexic.
605 678 792 721 messan.
824 677 913 721 280
942 693 973 720 v
1006 678 1049 720 7:
1082 675 1253 737 Μινῷοσ
1272 677 1344 722 σὺν
1362 681 1425 737 τῷ
1442 687 1468 734 ἰ,
1497 678 1567 722 καὶ
1587 676 1735 738 Μινῳα
1769 681 1824 723 τὸ
1855 698 1976 737 παρ-

280 751 648 811 εσχηματισμένον,
682 748 715 810 ᾦ
746 747 1031 807 συνεξέδραμε
1061 749 1130 793 καὶ
1158 750 1213 793 τὸ
1242 749 1475 805 μονογενὲς
1504 750 1640 806 ὄνομα
1680 748 1829 810 Μίνῳα
1859 752 1884 803 ἡ
1906 754 1977 803 νῆ-

278 838 367 872 σος,
398 824 600 874 κτητικοῦ
627 820 718 879 γὰρ
748 820 904 865 τύπου·
938 821 1188 877 σημειωτέον
1217 818 1277 870 δέ,
1315 821 1384 864 ὅτι
1413 819 1841 879 προπαροξύνεσᾶαι
1872 824 1982 867 αι’τεῖ

277 894 304 947 ἠ
335 892 518 945 συστολὴ
558 895 641 937 τοῦ
669 902 707 933 α.
751 889 947 937 Εὔπολις
1000 888 1335 949 Ἀστρατεύτοις·
1376 889 1447 946 (fr.
1483 893 1502 934 1
1536 891 1598 945 D)
1638 894 1707 949 ,ὠς
1736 890 1847 950 ἦρξε
1875 893 1980 950 περὶ

281 961 457 1024 Μινῳαν
486 965 620 1008 αὐτὸς
651 960 821 1008 οὑτοσι”
847 963 917 1008 καὶ
961 960 1212 1007 Ἀλκαῖος
1242 960 1499 1022 Πασιφάῃ
1530 961 1767 1023 ,Μινῳαν
1800 982 1837 1008 κ.
1859 982 1900 1008 τ.
1922 961 1978 1008 λ.’

277 1033 348 1077 De
377 1033 526 1077 Minoa.
554 1033 702 1076 insula
734 1033 812 1076 cfr.
845 1032 986 1077 Strab.
1016 1032 1145 1088 VIII,
1175 1048 1215 1089 p,
1252 1033 1357 1076 391:
1401 1033 1510 1090 μετὰ
1550 1032 1599 1079 δὲ
1636 1034 1720 1079 τὰς
1758 1032 1980 1093 Σκειρωνι-

279 1104 564 1164 δασ“πέτρασ
594 1103 707 1164 ἄκρα
736 1107 967 1163 πρόκειται
998 1103 1147 1165 Μίνῳα
1176 1108 1362 1150 ποιοῦσα
1390 1107 1471 1150 τὸν
1500 1108 1547 1150 ἐν
1569 1109 1626 1165 τῇ
1644 1104 1791 1165 Νιςαιᾳ
1820 1107 1981 1163 λιμένα.

278 1177 307 1231 ἠ
338 1175 388 1222 δὲ
417 1175 564 1221 Νίσαια
596 1178 784 1221 έπινειόν
814 1179 925 1220 ἐστιν
954 1179 1039 1220 τῶν
1070 1173 1288 1234 Μεγάρων
1317 1173 1534 1221 δεκαοκτὼ
1558 1175 1755 1222 σταδίους
1783 1180 1862 1230 τῆς
1890 1178 1981 1221 πό-

282 1250 393 1293 λεως
422 1245 582 1308 διέχον,
614 1248 809 1292 σκέλεσιν
839 1244 1112 1305 ἑκατέρωθεν
1142 1248 1464 1303 συναπτόμενον
1481 1249 1601 1306 πρὸς
1620 1247 1765 1301 αὐτήν·
1786 1251 1982 1293 ἐκαλεῖτο

283 1317 333 1364 δὲ
362 1318 433 1364 καὶ
461 1322 596 1364 τοῦτο
628 1315 788 1378 Μινῳα.
819 1317 932 1360 Plut.
963 1317 1059 1360 Nic.
1090 1318 1130 1360 6.
1162 1318 1263 1378 ἔςχε
1294 1316 1467 1378 Μίνῳαν
1494 1318 1574 1372 τὴν
1595 1322 1728 1372 νῆσον.
1763 1319 1829 1361 De
1849 1318 1983 1362 verbo

284 1386 447 1447 οἰμώζω
490 1403 591 1432 cum
623 1402 713 1432 aee.
744 1402 856 1446 pers.
888 1389 1118 1431 coniuncto
1149 1388 1227 1431 cfr.
1259 1389 1363 1431 Eur.
1393 1388 1460 1433 ΕΙ.
1490 1389 1577 1432 248
1617 1391 1715 1447 (οἰμ.
1758 1389 1982 1449 ἀδελφόν).

426 1457 610 1506 Περιθέυν
633 1461 744 1497 Kock
768 1458 853 1506 (Rh.
878 1461 929 1497 Μ.
954 1459 1013 1506 48,
1038 1459 1121 1504 239)
1154 1461 1235 1496 coll.
1268 1461 1334 1496 Ar.
1359 1461 1428 1507 Eq.
1453 1460 1514 1505 65]
1549 1458 1785 1507 περιθέμενος
1816 1463 1897 1498 cod.
1930 1461 1984 1498 Si-

283 1532 399 1568 gnum
421 1521 675 1566 interrogandi
698 1524 785 1567 post
808 1517 952 1565 Μίνῳαν
967 1520 1092 1567 posuit
1107 1521 1227 1556 Koek.
1245 1521 1382 1556 Kockii
1398 1522 1628 1557 coniecturas
1644 1521 1780 1567 probat
1794 1522 1984 1558 Herwerd.

284 1579 435 1616 Collect.
459 1578 516 1614 69.

1016 1674 1247 1717 ALEXIS.

932 1830 1152 1875 ἀνάστατα
1182 1834 1335 1875 ποιεῖν.

429 1911 552 1955 Phot.
583 1911 724 1956 Berol.
760 1913 858 1966 122,
888 1913 962 1956 2οῑ
994 1913 1216 1958 ἀνάστατα
1246 1917 1398 1958 ποιεῖν·
1431 1911 1612 1958 Πλάτων
1641 1910 1787 1970 (Soph.
1820 1913 1907 1955 252
1928 1914 1985 1966 a).

289 1983 454 2035 ,πάντα
484 1983 706 2030 ἀνάστατα
742 1986 937 2041 γέγονεν,
978 1987 1035 2029 ὡς
1075 1982 1233 2029 ἔοικεν.’
1276 1984 1412 2029 οὕτως
1458 1981 1623 2037 Ἀλεξ
1632 2001 1690 2034 ις,
1734 1981 1987 2041 Μένανδρος

286 2053 401 2110 (Kol.
432 2054 490 2098 56
522 2054 700 2111 Koerte)
731 2055 800 2100 καὶ
833 2053 1066 2113 Εὐριπίδης
1096 2054 1245 2110 (Andr.
1270 2055 1384 2097 1249
1394 2053 1444 2110 Ρ).
1476 2052 1753 2111 Δημοςθένης
1772 2053 1821 2099 δὲ
1850 2057 1896 2099 ἐν
1924 2057 1986 2113 τῷ

290 2126 397 2184 περὶ
424 2129 504 2179 τῆς
533 2124 901 2185 παραπρεσβειας
930 2126 1034 2181 (39)·
1067 2125 1322 2176 ,ἀνάστατος
1352 2128 1490 2170 αὐτῶν
1519 2127 1544 2178 ἠ
1564 2127 1698 2170 πόλις
1725 2122 1910 2181 γέγονε]
1929 2149 1983 2155 -

291 2194 380 2240 Cfr.
412 2194 618 2239 Herodot.
654 2198 691 2246 1,
725 2196 824 2239 155:
859 2196 1101 2242 ἀνάστατον
1131 2200 1284 2242 ποιεῖν.

996 2301 1283 2346 AMIPSIAS.

1124 2377 1159 2417 1.

1000 2448 1272 2499 ἀνοηταινειν.

434 2528 557 2572 Phot.
589 2527 731 2572 Berol.
768 2528 863 2583 143,
895 2528 941 2571 3:
983 2530 1195 2581 άνοητίαν·
1238 2529 1316 2582 τὴν
1355 2528 1515 2573 ἄνοιαν.
1571 2525 1879 2585 Ἀριστοφάνης
1917 2525 1988 2582 (fr.

297 2599 384 2642 746
415 2599 484 2653 Κ).
516 2602 777 2653 ἀνοηταινειν
807 2599 855 2645 3&
900 2598 1194 2657 Ἀμειψιας.
1226 2598 1316 2642 Ofr.
1350 2597 1560 2641 Heniooh.
1593 2597 1644 2640 fr.
1675 2598 1715 2652 5,
1747 2598 1774 2640 3
1805 2597 1866 2640 K:
1897 2599 1987 2642 πό·-

293 2673 396 2726 λεισ,
422 2670 429 2725 Ι
457 2670 503 2715 αἳ
540 2674 610 2715 νῦν
652 2672 941 2723 ἀνοηταινουσι
981 2671 1124 2716 πολὺν
1159 2669 1236 2724 ἤδη
1275 2671 1460 2728 τράιτον.
1501 2668 1609 2711 Plat.
1653 2667 1818 2710 Phileb.
1853 2668 1908 2711 12
1940 2667 1987 2721 d3

295 2740 375 2798 Ep.
409 2741 476 2793 11,
506 2741 593 2783 359
624 2755 660 2783 c.

903 2834 1383 2879 ANAXANDRIDES.

1127 2907 1162 2947 1.

923 2979 950 3021 ἀ
965 2975 1354 3035 νδρικώτεροσ.

442 3060 564 3103 Phot.
585 3059 724 3103 Berol.
751 3059 845 3114 127,
867 3061 912 3102 5:
944 3058 1140 3117 ἀνδρικὸς
1159 3059 1228 3104 καὶ
1247 3057 1573 3117 ἀνδρικώτατοσ·
1596 3056 1775 3102 Πλάτων
1791 3055 1990 3113 (Phaedr-

300 3133 390 3176 273
412 3131 456 3188 b)
477 3132 546 3177 καῖ
575 3129 882 3190 Ἀριστοφάνης
903 3129 997 3186 (Eq.
1018 3129 1103 3185 81),
1125 3127 1433 3187 ‹iv3p1x05-repoc
1452 3128 1499 3173 3&
1543 3126 1584 3173 Ἀ
1598 3147 1620 3172 ν
1630 3146 1658 3172 α
1674 3126 1705 3180 ξ
1714 3145 1741 3171 α
1755 3146 1775 3171 ν
1786 3125 1812 3171 3
1819 3145 1848 3184 ρ
1861 3146 1871 3171 ι
1883 3124 1909 3171 3
1917 3145 1942 3179 η
1954 3144 1988 3171 ς.

1943 3207 1990 3242 2ο
