2280 3626
244 211 344 267 [887]
838 224 1157 252 summum-run
1179 221 1361 250 cumcun
1898 203 1956 246 83

245 345 423 418 ,ρήμαθ
454 351 676 412 ἀμαξιαῖα’
708 355 734 397 ὀ
764 350 813 397 δὲ
843 348 1084 408 Κάνθαρος
1114 352 1160 394 ἐν
1197 346 1331 406 Τηρεῖ
1355 345 1426 404 (fr.
1459 350 1483 390 1
1508 346 1564 403 D)
1596 345 1819 403 ,ἁμαξιαῖα
1849 363 1955 403 κομ-

247 424 472 486 πάεματᾰ
505 426 682 484 εἴρηκεν.

390 497 524 541 Plura
555 496 610 539 ad
644 493 852 539 Canthari
886 492 941 535 fr,
976 493 998 534 1
1033 492 1075 534 D
1107 491 1214 533 dixi.

929 585 1286 631 SANNYRION.

1088 659 1126 700 1.

894 730 1108 786 ἀνταυγὲε
1138 728 1316 774 κάλλος.

392 817 517 861 Phor„
547 814 690 859 Berol.
725 815 821 872 145,
857 815 930 857 15:
962 813 1178 869 ἀνταυγὲς
1206 811 1385 856 κάλλος·
1415 809 1534 855 πάνυ
1565 809 1752 868 ἐναργὴς
1778 811 1803 863 ἡ
1824 809 1959 868 φωνή.

251 889 572 948 Σαννυρίων
601 885 790 946 Δανάῃ
819 886 942 942 λε’·γει
973 887 1160 929 ἐπαινῶν
1188 885 1245 928 τὸ
1275 881 1441 928 κάλλος
1470 884 1614 935 αὐτῆς·
1646 882 1671 934 ἡ
1691 879 1815 935 λέξις
1840 878 1962 939 Φρυ-

251 963 387 1024 νίχου.
420 986 479 993 -
510 959 599 1005 Cfr.
629 958 705 1001 Ar.
735 957 910 999 Thesm.
952 956 1057 999 902:
1088 953 1355 1012 (Euripides)
1386 954 1588 1012 στρέψον
1627 954 1855 1008 ἀνταυγεῖς
1885 953 1962 996 κό-

249 1050 348 1093 ρας.
382 1058 438 1063 -
469 1030 640 1082 Diodor.
674 1030 742 1085 17,
774 1028 849 1071 82:
882 1027 1035 1080 λευκὴν
1065 1027 1134 1071 καὶ
1168 1027 1364 1082 ἀνταυγῆ
1393 1025 1472 1078 τὴν
1502 1026 1644 1084 χιόνα.

869 1134 940 1177 Ex
969 1134 1148 1177 incertis
1179 1131 1353 1175 fabulis.

1089 1217 1129 1259 2.

1024 1289 1210 1334 ἀύπνως.

375 1375 484 1418 Lex.
515 1373 707 1418 Sabbait.
740 1375 778 1424 1,
812 1374 856 1415 7:
888 1372 1064 1417 ἀύπνωε
1092 1369 1134 1416 Σ
1140 1389 1168 1416 α
1181 1390 1203 1416 ν
1215 1390 1237 1416 ν
1250 1390 1274 1416 υ
1282 1389 1312 1429 ρ
1324 1371 1380 1415 ίω
1392 1389 1425 1415 ν.

1094 1479 1134 1521 3.

944 1548 1280 1607 ἀναβεβιῶεθαι.

400 1624 526 1668 Phot.
558 1624 699 1667 Berol.
732 1624 832 1678 107,
855 1624 903 1666 6:
934 1621 1148 1682 ἀναβιῴην
1168 1622 1238 1667 καὶ
1259 1619 1476 1677 ἀναβιούσ·
1513 1618 1824 1678 Ἀριστοφάνης
1843 1617 1969 1675 (Ran-

260 1698 344 1742 177
378 1703 422 1740 et
452 1695 504 1739 fr.
540 1697 625 1738 ‘142
656 1695 729 1751 K),
760 1693 1035 1751 ἀναβεβίωκα
1066 1692 1114 1738 δὲ
1148 1691 1395 1751 Εὐριπίδης,
1425 1692 1495 1737 καὶ
1525 1689 1756 1747 ἀναβιῶναι
1787 1688 1970 1735 Πλάτων

258 1768 330 1826 (fr.
363 1769 446 1811 131
481 1767 541 1824 K)
572 1767 642 1812 καῖ
671 1763 996 1822 ἀναβεβιῶςθαι
1026 1763 1356 1823 Σαννυρίων.

975 1858 1258 1903 SOTADES.

1099 1935 1136 1975 1.

977 2006 1013 2048 εἰ
1041 2003 1150 2060 μετὰ
1181 2005 1236 2048 τὸ
1267 2001 1424 2060 μαθεῖν

481 2079 558 2122 οὐκ
586 2075 637 2130 ἦν
667 2074 847 2126 παθεῖν,
881 2074 909 2120 ἃ
941 2074 1008 2120 δεῖ
1033 2072 1214 2124 παθεῖν,
1246 2073 1314 2119 δεῖ
1337 2074 1428 2132 γὰρ
1458 2071 1627 2130 μαθεῖν·

478 2151 514 2193 εἱ
545 2146 613 2192 δεῖ
637 2145 805 2192 παθεῖν
834 2165 899 2204 με,
929 2146 1008 2192 κᾶν
1037 2144 1179 2203 μάθω,
1210 2147 1259 2190 τί
1283 2144 1351 2190 δεῖ
1374 2144 1557 2202 μαθεῖν,·

481 2221 532 2264 οὐ
562 2217 631 2264 δεῖ
652 2216 810 2275 μαθεῖν
841 2216 912 2276 ἄρ’
946 2217 974 2262 ἃ
1005 2217 1074 2263 δεῖ
1098 2215 1278 2262 παθεῖν·
1311 2216 1379 2262 δεῖ
1402 2216 1493 2275 γὰρ
1523 2215 1703 2262 παθεῖν.

410 2301 578 2345 Hauler
617 2301 802 2358 (Eranos
843 2301 1035 2344 Vindob.
1069 2317 1106 2358 p.
1139 2301 1242 2357 336)
1285 2315 1309 2342 e
1351 2300 1502 2343 codiee
1544 2299 1745 2342 Parisino
1778 2313 1841 2355 gr.
1872 2299 1975 2350 454,

265 2390 351 2433 quo
381 2373 588 2429 Origenis
621 2371 675 2415 de
706 2372 819 2415 Hiob
851 2372 965 2415 libro
997 2381 1243 2416 commenta
1276 2374 1564 2427 continentur,
1596 2371 1669 2413 fol.
1703 2371 1787 2414 126
1810 2386 1834 2412 a
1866 2370 1974 2412 haee

266 2445 519 2502 exscripsit:
552 2446 825 2503 μεμφόμενος
855 2443 1002 2498 δήπου
1031 2446 1086 2489 τὸ
1117 2446 1250 2490 κακὸν
1279 2448 1414 2489 τοῦτο
1444 2442 1627 2500 μάθημά
1656 2461 1731 2488 cov
1751 2445 1776 2487 ὁ
1798 2443 1975 2499 κωμικὸς

267 2515 531 2569 Σωτάδης
583 2513 621 2560 Χ
631 2534 659 2560 α
669 2516 851 2573 ρι’νοις
896 2514 1099 2561 διδάσκων
1139 2515 1322 2573 μάταιον
1362 2513 1541 2575 μόχθον
1582 2514 1692 2559 εἶναι’
1731 2521 1869 2572 φηςιν,
1916 2515 1976 2570 ,εἰ

267 2587 406 2645 μετὰ
438 2589 503 2632 τὸ
532 2584 739 2643 μαθεῖν
779 2585 887 2631 κτλ.’
921 2585 988 2632 διὰ
1019 2585 1140 2632 τοῦτ’
1173 2589 1225 2632 οὐ
1254 2585 1379 2631 θέλω
1407 2584 1577 2643 μαθεῖν·
1608 2583 1775 2630 παθεῖν
1804 2603 1856 2642 με
1885 2584 1975 2642 γὰρ

269 2657 345 2704 δεῖ.
377 2659 590 2716 περιττὸν
635 2656 709 2702 οὖν
754 2659 809 2702 τὸ
842 2658 948 2716 περὶ
992 2657 1049 2702 τὰ
1094 2662 1277 2703 τοιαῦτα
1322 2655 1669 2718 λεεχηνεύεεθαι·
1717 2655 1840 2702 οὐδὲν
1885 2655 1975 2713 γὰρ

270 2730 513 2788 προύργου.

414 2797 578 2845 Χαρίνοιι·
602 2797 755 2844 Haulor]
781 2798 887 2847 χάριν
911 2798 959 2835 ὠι-
984 2801 1064 2836 cod.
1093 2819 1134 2824 —-
1162 2800 1283 2836 Etiam
1318 2801 1434 2836 verba
1456 2798 1609 2844 μάταιον
1631 2796 1775 2847 μόχθον
1799 2795 1884 2832 εἶναι
1911 2797 1976 2833 So-

272 2860 370 2897 tadis
394 2871 475 2896 osse
499 2860 709 2906 suspicatur
732 2860 873 2896 Hauler
898 2861 1094 2896 scribenda
1118 2872 1347 2907 proponens:
1372 2858 1526 2904 μάταιός
1551 2860 1623 2894 ἐστι
1648 2856 1802 2906 μόχθος.
1829 2876 1869 2882 -
1886 2856 1919 2892 3.
1946 2858 1978 2891 εἰ

275 2917 331 2954 δεῖ
349 2915 473 2963 Haul.]
499 2919 531 2953 εἰ
554 2916 592 2953 δὲ
617 2917 674 2953 δεῖ
693 2919 772 2955 eod.
802 2938 844 2943 —
870 2918 904 2953 4.
928 2916 1058 2963 μαθεῖν
1082 2917 1139 2964 ἂρ’
1166 2916 1189 2953 ἃ
1214 2916 1408 2965 Gomperz]
1433 2916 1562 2964 μαθεῖν
1586 2917 1678 2963 ἅπερ
1705 2919 1785 2953 cod.

417 2976 507 3021 Cfr.
539 2976 642 3021 Cod.
674 2976 859 3020 Nanian.
892 2977 963 3019 fol.
995 2978 1080 3020 211
1100 2993 1142 3019 a:
1174 2980 1211 3023 εἰ
1238 2979 1315 3034 μὲν
1345 2976 1413 3023 δεῖ
1435 2976 1593 3035 μαθεῖν
1623 2977 1692 3022 καὶ
1720 2976 1775 3032 μὴ
1796 2973 1976 3025 παθεῖν.

276 3050 413 3093 καλὸν
443 3046 612 3105 μαθεῖν·
647 3051 683 3094 εἰ
712 3047 760 3093 δὲ
790 3047 858 3094 δεῖ
883 3046 1050 3094 παθεῖν
1079 3050 1148 3094 καὶ
1177 3049 1232 3105 μὴ
1262 3046 1431 3105 μαθεῖν,
1479 3050 1528 3093 τί
1552 3048 1639 3108 χρὴ
1679 3045 1846 3092 παθεῖν
1877 3045 1977 3102 (leg.
