<?xml version="1.0" encoding="UTF-8"?>
<!DOCTYPE html PUBLIC "-//W3C//DTD XHTML 1.0 Transitional//EN"
    "http://www.w3.org/TR/xhtml1/DTD/xhtml1-transitional.dtd">
<html xmlns="http://www.w3.org/1999/xhtml" xml:lang="en" lang="en">
 <head>
  <title>
</title>
<meta http-equiv="Content-Type" content="text/html;charset=utf-8" />
  <meta name='ocr-system' content='tesseract 3.04.00' />
  <meta name='ocr-capabilities' content='ocr_page ocr_carea ocr_par ocr_line ocrx_word'/>
</head>
<body>
  <div class='ocr_page' id='page_1' title='image "./supplementumcomi00demiuoft_0033.png"; bbox 0 0 2280 3626; ppageno 0'>
   <div class='ocr_carea' id='block_1_1' title="bbox 290 181 2000 238">
    <p class='ocr_par' dir='ltr' id='par_1_1' title="bbox 290 181 2000 238">
     <span class='ocr_line' id='line_1_1' title="bbox 290 181 2000 238; baseline -0.006 -5"><span class='ocrx_word' id='word_1_1' title='bbox 290 187 391 238; x_wconf 69' lang='lat'>1¹⁸1]</span> <span class='ocrx_word' id='word_1_2' title='bbox 891 200 1212 228; x_wconf 60' lang='lat' dir='ltr'>surranum-uu</span> <span class='ocrx_word' id='word_1_3' title='bbox 1233 198 1413 226; x_wconf 64' lang='lat' dir='ltr'>conicum</span> <span class='ocrx_word' id='word_1_4' title='bbox 1945 181 2000 223; x_wconf 78' lang='grc'>27</span> 
     </span>
    </p>
   </div>
   <div class='ocr_carea' id='block_1_2' title="bbox 256 319 2003 606">
    <p class='ocr_par' dir='ltr' id='par_1_2' title="bbox 256 319 2003 527">
     <span class='ocr_line' id='line_1_2' title="bbox 290 319 2002 389; baseline -0.007 -10"><span class='ocrx_word' id='word_1_5' title='bbox 290 319 706 389; x_wconf 56' lang='lat' dir='ltr'>ffi&#39;‘⁷fp}1‘ccorrt</span> <span class='ocrx_word' id='word_1_6' title='bbox 735 331 858 373; x_wconf 88' lang='grc' dir='ltr'>πᾶςα</span> <span class='ocrx_word' id='word_1_7' title='bbox 887 330 946 384; x_wconf 81' lang='grc' dir='ltr'>γῆ</span> <span class='ocrx_word' id='word_1_8' title='bbox 975 327 1152 384; x_wconf 86' lang='grc' dir='ltr'>πατρίς.</span> <span class='ocrx_word' id='word_1_9' title='bbox 1178 350 1230 356; x_wconf 87' lang='grc'>-</span> <span class='ocrx_word' id='word_1_10' title='bbox 1253 325 1358 383; x_wconf 77' lang='lat' dir='ltr'>Lys.</span> <span class='ocrx_word' id='word_1_11' title='bbox 1379 324 1449 379; x_wconf 88' lang='lat'>31,</span> <span class='ocrx_word' id='word_1_12' title='bbox 1481 325 1526 366; x_wconf 83' lang='lat'>6:</span> <span class='ocrx_word' id='word_1_13' title='bbox 1556 325 1699 380; x_wconf 80' lang='grc' dir='ltr'><em>γνώμη</em></span> <span class='ocrx_word' id='word_1_14' title='bbox 1730 322 1778 368; x_wconf 88' lang='grc' dir='ltr'>δὲ</span> <span class='ocrx_word' id='word_1_15' title='bbox 1807 327 2002 383; x_wconf 82' lang='grc' dir='ltr'>χρῶνται</span> 
     </span>
     <span class='ocr_line' id='line_1_3' title="bbox 291 393 2003 459; baseline -0.007 -10"><span class='ocrx_word' id='word_1_16' title='bbox 291 401 354 450; x_wconf 69' lang='grc' dir='ltr'>ὥς</span> <span class='ocrx_word' id='word_1_17' title='bbox 381 403 504 448; x_wconf 71' lang='lat' dir='ltr'>mica</span> <span class='ocrx_word' id='word_1_18' title='bbox 533 404 594 458; x_wconf 77' lang='grc' dir='ltr'>γῆ</span> <span class='ocrx_word' id='word_1_19' title='bbox 621 400 787 459; x_wconf 76' lang='grc' dir='ltr'>πατρὶς</span> <span class='ocrx_word' id='word_1_20' title='bbox 827 400 974 444; x_wconf 85' lang='grc' dir='ltr'>αὐτοῖς</span> <span class='ocrx_word' id='word_1_21' title='bbox 1014 400 1138 447; x_wconf 84' lang='grc' dir='ltr'>ἐςτιν,</span> <span class='ocrx_word' id='word_1_22' title='bbox 1183 399 1229 441; x_wconf 84' lang='grc' dir='ltr'>ἐν</span> <span class='ocrx_word' id='word_1_23' title='bbox 1253 394 1281 455; x_wconf 78' lang='grc' dir='ltr'><em>ᾗ</em></span> <span class='ocrx_word' id='word_1_24' title='bbox 1310 395 1363 440; x_wconf 86' lang='grc' dir='ltr'>ἂν</span> <span class='ocrx_word' id='word_1_25' title='bbox 1398 395 1455 439; x_wconf 87' lang='grc' dir='ltr'>τὰ</span> <span class='ocrx_word' id='word_1_26' title='bbox 1497 393 1718 447; x_wconf 83' lang='grc' dir='ltr'>ἐπιτήδεια</span> <span class='ocrx_word' id='word_1_27' title='bbox 1750 395 1911 454; x_wconf 81' lang='grc' dir='ltr'>ἕχωςιν.</span> <span class='ocrx_word' id='word_1_28' title='bbox 1949 418 2003 424; x_wconf 89' lang='grc'>-</span> 
     </span>
     <span class='ocr_line' id='line_1_4' title="bbox 256 465 1687 527; baseline -0.008 -10"><span class='ocrx_word' id='word_1_29' title='bbox 256 494 259 495; x_wconf 50' lang='grc'>’</span> <span class='ocrx_word' id='word_1_30' title='bbox 291 473 386 518; x_wconf 74' lang='lat' dir='ltr'>oio.</span> <span class='ocrx_word' id='word_1_31' title='bbox 416 472 546 515; x_wconf 73' lang='lat' dir='ltr'>Taso.</span> <span class='ocrx_word' id='word_1_32' title='bbox 577 470 632 527; x_wconf 86' lang='lat' dir='ltr'>V,</span> <span class='ocrx_word' id='word_1_33' title='bbox 663 471 733 524; x_wconf 81' lang='lat'>37,</span> <span class='ocrx_word' id='word_1_34' title='bbox 766 469 870 513; x_wconf 84' lang='lat'>108:</span> <span class='ocrx_word' id='word_1_35' title='bbox 902 469 1042 526; x_wconf 80' lang='lat' dir='ltr'>patria</span> <span class='ocrx_word' id='word_1_36' title='bbox 1073 476 1139 510; x_wconf 82' lang='lat' dir='ltr'>est.</span> <span class='ocrx_word' id='word_1_37' title='bbox 1171 467 1435 523; x_wconf 78' lang='lat' dir='ltr'>ubicumque</span> <span class='ocrx_word' id='word_1_38' title='bbox 1468 472 1533 508; x_wconf 83' lang='lat' dir='ltr'>est</span> <span class='ocrx_word' id='word_1_39' title='bbox 1564 465 1687 507; x_wconf 84' lang='lat' dir='ltr'><strong>bene.</strong></span> 
     </span>
    </p>

    <p class='ocr_par' dir='ltr' id='par_1_3' title="bbox 1113 564 1181 606">
     <span class='ocr_line' id='line_1_5' title="bbox 1113 564 1181 606; baseline -0.015 0"><span class='ocrx_word' id='word_1_40' title='bbox 1113 564 1181 606; x_wconf 74' lang='lat'>59.</span> 
     </span>
    </p>
   </div>
   <div class='ocr_carea' id='block_1_3' title="bbox 551 654 1749 718">
    <p class='ocr_par' dir='ltr' id='par_1_4' title="bbox 551 654 1749 718">
     <span class='ocr_line' id='line_1_6' title="bbox 551 654 1749 718; baseline -0.007 -12"><span class='ocrx_word' id='word_1_41' title='bbox 551 664 628 707; x_wconf 82' lang='grc' dir='ltr'>οὐκ</span> <span class='ocrx_word' id='word_1_42' title='bbox 657 658 930 718; x_wconf 58' lang='grc' dir='ltr'>ἀποφθερεῖ,</span> <span class='ocrx_word' id='word_1_43' title='bbox 963 657 1184 716; x_wconf 56' lang='grc' dir='ltr'>κάθαρμα,</span> <span class='ocrx_word' id='word_1_44' title='bbox 1217 655 1447 701; x_wconf 81' lang='grc' dir='ltr'>κάκποδὼν</span> <span class='ocrx_word' id='word_1_45' title='bbox 1478 657 1588 712; x_wconf 85' lang='grc' dir='ltr'>ἡμῶν</span> <span class='ocrx_word' id='word_1_46' title='bbox 1620 654 1723 699; x_wconf 81' lang='grc' dir='ltr'>ἄπει</span> <span class='ocrx_word' id='word_1_47' title='bbox 1735 674 1749 704; x_wconf 91' lang='grc'><em>;</em></span> 
     </span>
    </p>
   </div>
   <div class='ocr_carea' id='block_1_4' title="bbox 292 747 2006 885">
    <p class='ocr_par' dir='ltr' id='par_1_5' title="bbox 292 747 2006 885">
     <span class='ocr_line' id='line_1_7' title="bbox 436 747 2006 813; baseline -0.005 -13"><span class='ocrx_word' id='word_1_48' title='bbox 436 755 558 800; x_wconf 86' lang='lat' dir='ltr'>Suid.</span> <span class='ocrx_word' id='word_1_49' title='bbox 587 754 809 813; x_wconf 59' lang='grc' dir='ltr'>κάὸαρμα·</span> <span class='ocrx_word' id='word_1_50' title='bbox 843 756 894 799; x_wconf 84' lang='grc' dir='ltr'>οὑ</span> <span class='ocrx_word' id='word_1_51' title='bbox 939 751 1106 812; x_wconf 56' lang='grc' dir='ltr'>φθείρῃ</span> <span class='ocrx_word' id='word_1_52' title='bbox 1148 750 1369 810; x_wconf 56' lang='grc' dir='ltr'>κάθαρμα,</span> <span class='ocrx_word' id='word_1_53' title='bbox 1411 750 1520 799; x_wconf 84' lang='grc' dir='ltr'>εἶπε,</span> <span class='ocrx_word' id='word_1_54' title='bbox 1563 750 1632 794; x_wconf 78' lang='grc' dir='ltr'>καὶ</span> <span class='ocrx_word' id='word_1_55' title='bbox 1672 747 1868 794; x_wconf 81' lang='grc' dir='ltr'>ἐκποδὼν</span> <span class='ocrx_word' id='word_1_56' title='bbox 1913 750 2006 804; x_wconf 82' lang='grc' dir='ltr'>ἡμῖν</span> 
     </span>
     <span class='ocr_line' id='line_1_8' title="bbox 292 820 2005 885; baseline -0.007 -11"><span class='ocrx_word' id='word_1_57' title='bbox 292 828 424 878; x_wconf 60' lang='lat' dir='ltr'>drea,-</span> <span class='ocrx_word' id='word_1_58' title='bbox 468 825 788 885; x_wconf 73' lang='grc' dir='ltr'>Ἀριστοφάνης·</span> <span class='ocrx_word' id='word_1_59' title='bbox 822 826 937 883; x_wconf 83' lang='grc' dir='ltr'>ὑπὲρ</span> <span class='ocrx_word' id='word_1_60' title='bbox 968 823 1016 869; x_wconf 85' lang='grc' dir='ltr'>δὲ</span> <span class='ocrx_word' id='word_1_61' title='bbox 1045 822 1280 881; x_wconf 52' lang='grc' dir='ltr'>καθαρμοῦ</span> <span class='ocrx_word' id='word_1_62' title='bbox 1309 823 1485 866; x_wconf 88' lang='grc' dir='ltr'>πόλεως</span> <span class='ocrx_word' id='word_1_63' title='bbox 1505 821 1689 880; x_wconf 81' lang='grc' dir='ltr'>ἀνῄρουν</span> <span class='ocrx_word' id='word_1_64' title='bbox 1710 820 2005 874; x_wconf 85' lang='grc' dir='ltr'>ε’ςτολιςμένον</span> 
     </span>
    </p>
   </div>
   <div class='ocr_carea' id='block_1_5' title="bbox 293 888 2003 1096">
    <p class='ocr_par' dir='ltr' id='par_1_6' title="bbox 293 888 2003 1096">
     <span class='ocr_line' id='line_1_9' title="bbox 293 888 2003 953; baseline -0.008 -9"><span class='ocrx_word' id='word_1_65' title='bbox 293 898 404 949; x_wconf 85' lang='grc' dir='ltr'>τινά,</span> <span class='ocrx_word' id='word_1_66' title='bbox 451 899 502 943; x_wconf 90' lang='grc' dir='ltr'>ὃν</span> <span class='ocrx_word' id='word_1_67' title='bbox 532 897 715 943; x_wconf 82' lang='grc' dir='ltr'>ἐκάλουν</span> <span class='ocrx_word' id='word_1_68' title='bbox 754 894 975 953; x_wconf 61' lang='grc' dir='ltr'>κάθαρμα.</span> <span class='ocrx_word' id='word_1_69' title='bbox 1011 920 1065 926; x_wconf 91' lang='lat'>—-</span> <span class='ocrx_word' id='word_1_70' title='bbox 1100 894 1285 936; x_wconf 81' lang='lat' dir='ltr'>Versum</span> <span class='ocrx_word' id='word_1_71' title='bbox 1326 891 1608 948; x_wconf 82' lang='lat' dir='ltr'>Aristophani</span> <span class='ocrx_word' id='word_1_72' title='bbox 1650 889 1805 933; x_wconf 78' lang='lat' dir='ltr'><strong>tribuit</strong></span> <span class='ocrx_word' id='word_1_73' title='bbox 1846 888 2003 932; x_wconf 74' lang='lat' dir='ltr'><strong>Nauok</strong></span> 
     </span>
     <span class='ocr_line' id='line_1_10' title="bbox 295 960 2003 1027; baseline -0.006 -15"><span class='ocrx_word' id='word_1_74' title='bbox 295 969 416 1027; x_wconf 77' lang='lat' dir='ltr'>(Mel.</span> <span class='ocrx_word' id='word_1_75' title='bbox 450 968 526 1023; x_wconf 84' lang='lat' dir='ltr'>VI,</span> <span class='ocrx_word' id='word_1_76' title='bbox 558 969 650 1022; x_wconf 78' lang='lat'>84)3</span> <span class='ocrx_word' id='word_1_77' title='bbox 682 967 895 1024; x_wconf 77' lang='lat' dir='ltr'>pedestris</span> <span class='ocrx_word' id='word_1_78' title='bbox 927 966 1150 1021; x_wconf 75' lang='lat' dir='ltr'>scriptoris</span> <span class='ocrx_word' id='word_1_79' title='bbox 1182 964 1318 1007; x_wconf 80' lang='lat' dir='ltr'>verba</span> <span class='ocrx_word' id='word_1_80' title='bbox 1348 977 1442 1006; x_wconf 84' lang='lat' dir='ltr'>esse</span> <span class='ocrx_word' id='word_1_81' title='bbox 1474 969 1621 1005; x_wconf 78' lang='lat' dir='ltr'>censet</span> <span class='ocrx_word' id='word_1_82' title='bbox 1650 960 1905 1018; x_wconf 78' lang='lat' dir='ltr'><strong>Bernhardy</strong></span> <span class='ocrx_word' id='word_1_83' title='bbox 1937 961 2003 1013; x_wconf 87' lang='lat' dir='ltr'>(in</span> 
     </span>
     <span class='ocr_line' id='line_1_11' title="bbox 295 1040 583 1096; baseline -0.01 -11"><span class='ocrx_word' id='word_1_84' title='bbox 295 1041 457 1086; x_wconf 76' lang='lat' dir='ltr'>suidae</span> <span class='ocrx_word' id='word_1_85' title='bbox 487 1040 583 1096; x_wconf 59' lang='grc' dir='ltr'>αἱ).</span> 
     </span>
    </p>
   </div>
   <div class='ocr_carea' id='block_1_6' title="bbox 298 1104 2007 1214">
    <p class='ocr_par' dir='ltr' id='par_1_7' title="bbox 298 1104 2007 1214">
     <span class='ocr_line' id='line_1_12' title="bbox 439 1104 2007 1157; baseline -0.006 -10"><span class='ocrx_word' id='word_1_86' title='bbox 439 1109 656 1157; x_wconf 57' lang='grc' dir='ltr'>ἀποφθερεῖ</span> <span class='ocrx_word' id='word_1_87' title='bbox 676 1112 805 1146; x_wconf 75' lang='lat' dir='ltr'><strong>Nauck</strong></span> <span class='ocrx_word' id='word_1_88' title='bbox 830 1107 982 1154; x_wconf 61' lang='grc' dir='ltr'>(φθερεῖ</span> <span class='ocrx_word' id='word_1_89' title='bbox 1002 1110 1074 1144; x_wconf 82' lang='lat' dir='ltr'>iam</span> <span class='ocrx_word' id='word_1_90' title='bbox 1101 1109 1227 1143; x_wconf 81' lang='lat' dir='ltr'>Cobet.</span> <span class='ocrx_word' id='word_1_91' title='bbox 1255 1107 1344 1142; x_wconf 89' lang='lat' dir='ltr'>Coll.</span> <span class='ocrx_word' id='word_1_92' title='bbox 1372 1107 1451 1141; x_wconf 84' lang='lat' dir='ltr'>crit.</span> <span class='ocrx_word' id='word_1_93' title='bbox 1478 1104 1572 1150; x_wconf 73' lang='lat'>251),</span> <span class='ocrx_word' id='word_1_94' title='bbox 1598 1110 1639 1140; x_wconf 83' lang='lat' dir='ltr'>ut</span> <span class='ocrx_word' id='word_1_95' title='bbox 1663 1108 1915 1140; x_wconf 68' lang='lat' dir='ltr'>tetrametrum</span> <span class='ocrx_word' id='word_1_96' title='bbox 1934 1107 2007 1138; x_wconf 79' lang='lat' dir='ltr'>tro·</span> 
     </span>
     <span class='ocr_line' id='line_1_13' title="bbox 298 1164 1314 1214; baseline -0.008 -6"><span class='ocrx_word' id='word_1_97' title='bbox 298 1172 467 1208; x_wconf 65' lang='lat' dir='ltr'>clinicum</span> <span class='ocrx_word' id='word_1_98' title='bbox 493 1171 674 1211; x_wconf 73' lang='lat' dir='ltr'>restituat,</span> <span class='ocrx_word' id='word_1_99' title='bbox 701 1171 783 1206; x_wconf 85' lang='lat' dir='ltr'>coll.</span> <span class='ocrx_word' id='word_1_100' title='bbox 810 1170 875 1205; x_wconf 87' lang='lat' dir='ltr'>Ar.</span> <span class='ocrx_word' id='word_1_101' title='bbox 901 1169 970 1214; x_wconf 89' lang='lat' dir='ltr'>Eq.</span> <span class='ocrx_word' id='word_1_102' title='bbox 995 1167 1084 1209; x_wconf 79' lang='lat'><strong>982;</strong></span> <span class='ocrx_word' id='word_1_103' title='bbox 1111 1168 1206 1203; x_wconf 88' lang='lat' dir='ltr'>Nub.</span> <span class='ocrx_word' id='word_1_104' title='bbox 1234 1164 1314 1201; x_wconf 84' lang='lat'>789.</span> 
     </span>
    </p>
   </div>
   <div class='ocr_carea' id='block_1_7' title="bbox 657 1273 1648 1415">
    <p class='ocr_par' dir='ltr' id='par_1_8' title="bbox 657 1273 1648 1415">
     <span class='ocr_line' id='line_1_14' title="bbox 1118 1273 1187 1315; baseline 0.014 -1"><span class='ocrx_word' id='word_1_105' title='bbox 1118 1273 1187 1315; x_wconf 87' lang='grc'>60.</span> 
     </span>
     <span class='ocr_line' id='line_1_15' title="bbox 657 1352 1648 1415; baseline -0.007 -11"><span class='ocrx_word' id='word_1_106' title='bbox 657 1359 690 1404; x_wconf 85' lang='grc' dir='ltr'><strong><em>ὦ</em></strong></span> <span class='ocrx_word' id='word_1_107' title='bbox 720 1356 901 1404; x_wconf 75' lang='grc' dir='ltr'>ὃέςποτ’</span> <span class='ocrx_word' id='word_1_108' title='bbox 948 1355 1197 1415; x_wconf 84' lang='grc' dir='ltr'>Ἀμφιάραε,</span> <span class='ocrx_word' id='word_1_109' title='bbox 1229 1352 1487 1411; x_wconf 73' lang='grc' dir='ltr'>πολυτιμητ’</span> <span class='ocrx_word' id='word_1_110' title='bbox 1520 1352 1648 1406; x_wconf 82' lang='grc' dir='ltr'>ἅναξ.</span> 
     </span>
    </p>
   </div>
   <div class='ocr_carea' id='block_1_8' title="bbox 297 1447 2005 1653">
    <p class='ocr_par' dir='ltr' id='par_1_9' title="bbox 297 1447 2005 1653">
     <span class='ocr_line' id='line_1_16' title="bbox 441 1447 2005 1510; baseline -0.004 -13"><span class='ocrx_word' id='word_1_111' title='bbox 441 1454 562 1497; x_wconf 85' lang='lat' dir='ltr'>Phot.</span> <span class='ocrx_word' id='word_1_112' title='bbox 594 1453 732 1497; x_wconf 81' lang='lat' dir='ltr'>Berol.</span> <span class='ocrx_word' id='word_1_113' title='bbox 766 1454 836 1506; x_wconf 87' lang='lat'>99,</span> <span class='ocrx_word' id='word_1_114' title='bbox 867 1453 912 1495; x_wconf 87' lang='lat'>6:</span> <span class='ocrx_word' id='word_1_115' title='bbox 969 1450 1233 1510; x_wconf 74' lang='grc' dir='ltr'>Ἀμφιάραος</span> <span class='ocrx_word' id='word_1_116' title='bbox 1270 1451 1338 1495; x_wconf 79' lang='grc' dir='ltr'>καὶ</span> <span class='ocrx_word' id='word_1_117' title='bbox 1381 1447 1645 1507; x_wconf 77' lang='grc' dir='ltr'>Ἀμφιάρεως</span> <span class='ocrx_word' id='word_1_118' title='bbox 1686 1448 1899 1504; x_wconf 81' lang='grc' dir='ltr'>ἑκατέρως</span> <span class='ocrx_word' id='word_1_119' title='bbox 1929 1447 2005 1490; x_wconf 89' lang='grc' dir='ltr'>λε’-</span> 
     </span>
     <span class='ocr_line' id='line_1_17' title="bbox 297 1515 2003 1584; baseline -0.009 -11"><span class='ocrx_word' id='word_1_120' title='bbox 297 1540 456 1584; x_wconf 84' lang='grc' dir='ltr'>·γουςιν·</span> <span class='ocrx_word' id='word_1_121' title='bbox 486 1526 532 1583; x_wconf 82' lang='grc' dir='ltr'>,ὦ</span> <span class='ocrx_word' id='word_1_122' title='bbox 561 1525 589 1571; x_wconf 86' lang='grc' dir='ltr'><em>δ</em></span> <span class='ocrx_word' id='word_1_123' title='bbox 597 1527 623 1570; x_wconf 90' lang='grc' dir='ltr'>ε’</span> <span class='ocrx_word' id='word_1_124' title='bbox 630 1523 791 1570; x_wconf 79' lang='grc' dir='ltr'>ςποτ’</span> <span class='ocrx_word' id='word_1_125' title='bbox 823 1523 924 1569; x_wconf 83' lang='grc' dir='ltr'>κτὲ.’</span> <span class='ocrx_word' id='word_1_126' title='bbox 958 1523 1003 1566; x_wconf 85' lang='lat' dir='ltr'>Si</span> <span class='ocrx_word' id='word_1_127' title='bbox 1025 1521 1203 1579; x_wconf 81' lang='lat' dir='ltr'>parodia</span> <span class='ocrx_word' id='word_1_128' title='bbox 1224 1528 1288 1563; x_wconf 80' lang='lat' dir='ltr'>est</span> <span class='ocrx_word' id='word_1_129' title='bbox 1309 1534 1463 1562; x_wconf 84' lang='lat' dir='ltr'>versus</span> <span class='ocrx_word' id='word_1_130' title='bbox 1485 1519 1653 1575; x_wconf 83' lang='lat' dir='ltr'>tragici,</span> <span class='ocrx_word' id='word_1_131' title='bbox 1674 1518 1731 1560; x_wconf 79' lang='lat' dir='ltr'>ad</span> <span class='ocrx_word' id='word_1_132' title='bbox 1750 1515 2003 1573; x_wconf 80' lang='lat' dir='ltr'>Aristopha-</span> 
     </span>
     <span class='ocr_line' id='line_1_18' title="bbox 298 1589 1946 1653; baseline -0.007 -13"><span class='ocrx_word' id='word_1_133' title='bbox 298 1598 367 1640; x_wconf 79' lang='lat' dir='ltr'>nis</span> <span class='ocrx_word' id='word_1_134' title='bbox 398 1596 802 1653; x_wconf 84' lang='lat' dir='ltr'>Amphiaraum</span> <span class='ocrx_word' id='word_1_135' title='bbox 835 1594 989 1637; x_wconf 82' lang='lat' dir='ltr'>referri</span> <span class='ocrx_word' id='word_1_136' title='bbox 1024 1601 1174 1648; x_wconf 79' lang='lat' dir='ltr'>potest,</span> <span class='ocrx_word' id='word_1_137' title='bbox 1207 1593 1242 1634; x_wconf 90' lang='lat' dir='ltr'>si</span> <span class='ocrx_word' id='word_1_138' title='bbox 1274 1593 1431 1645; x_wconf 87' lang='lat' dir='ltr'>minus,</span> <span class='ocrx_word' id='word_1_139' title='bbox 1462 1590 1618 1646; x_wconf 80' lang='lat' dir='ltr'>tragici</span> <span class='ocrx_word' id='word_1_140' title='bbox 1650 1589 1838 1631; x_wconf 77' lang='lat' dir='ltr'>alicuius</span> <span class='ocrx_word' id='word_1_141' title='bbox 1870 1594 1946 1630; x_wconf 80' lang='lat' dir='ltr'>est.</span> 
     </span>
    </p>
   </div>
   <div class='ocr_carea' id='block_1_9' title="bbox 299 1718 2007 1854">
    <p class='ocr_par' dir='ltr' id='par_1_10' title="bbox 299 1718 2007 1854">
     <span class='ocr_line' id='line_1_19' title="bbox 443 1718 2007 1782; baseline -0.007 -13"><span class='ocrx_word' id='word_1_142' title='bbox 443 1727 643 1768; x_wconf 78' lang='lat' dir='ltr'>Fortasse</span> <span class='ocrx_word' id='word_1_143' title='bbox 674 1724 979 1782; x_wconf 82' lang='lat' dir='ltr'>Aristophanis</span> <span class='ocrx_word' id='word_1_144' title='bbox 1011 1731 1122 1778; x_wconf 80' lang='lat' dir='ltr'>sunt,</span> <span class='ocrx_word' id='word_1_145' title='bbox 1154 1737 1260 1779; x_wconf 82' lang='lat' dir='ltr'>quae</span> <span class='ocrx_word' id='word_1_146' title='bbox 1292 1723 1336 1762; x_wconf 90' lang='lat' dir='ltr'>in</span> <span class='ocrx_word' id='word_1_147' title='bbox 1370 1720 1627 1776; x_wconf 78' lang='lat' dir='ltr'>fragmentis</span> <span class='ocrx_word' id='word_1_148' title='bbox 1648 1718 1863 1775; x_wconf 78' lang='lat' dir='ltr'>adespotis</span> <span class='ocrx_word' id='word_1_149' title='bbox 1896 1719 1935 1771; x_wconf 75' lang='lat'>2,</span> <span class='ocrx_word' id='word_1_150' title='bbox 1967 1718 2007 1770; x_wconf 85' lang='lat'>4,</span> 
     </span>
     <span class='ocr_line' id='line_1_20' title="bbox 299 1795 1102 1854; baseline -0.006 -13"><span class='ocrx_word' id='word_1_151' title='bbox 299 1799 341 1854; x_wconf 82' lang='lat'>5,</span> <span class='ocrx_word' id='word_1_152' title='bbox 374 1799 412 1853; x_wconf 88' lang='lat'>8,</span> <span class='ocrx_word' id='word_1_153' title='bbox 447 1798 513 1853; x_wconf 89' lang='lat'>10,</span> <span class='ocrx_word' id='word_1_154' title='bbox 547 1798 615 1852; x_wconf 79' lang='lat'>12,</span> <span class='ocrx_word' id='word_1_155' title='bbox 649 1798 704 1840; x_wconf 81' lang='lat'>12</span> <span class='ocrx_word' id='word_1_156' title='bbox 721 1811 757 1846; x_wconf 80' lang='lat' dir='ltr'>a,</span> <span class='ocrx_word' id='word_1_157' title='bbox 789 1797 846 1839; x_wconf 87' lang='lat'>30</span> <span class='ocrx_word' id='word_1_158' title='bbox 879 1795 1102 1838; x_wconf 80' lang='lat' dir='ltr'>collocavi.</span> 
     </span>
    </p>
   </div>
   <div class='ocr_carea' id='block_1_10' title="bbox 300 1933 2008 3075">
    <p class='ocr_par' dir='ltr' id='par_1_11' title="bbox 300 1933 2008 3075">
     <span class='ocr_line' id='line_1_21' title="bbox 1016 1933 1281 1978; baseline -0.011 0"><span class='ocrx_word' id='word_1_159' title='bbox 1016 1933 1281 1978; x_wconf 80' lang='lat' dir='ltr'><strong>CALLIAS.</strong></span> 
     </span>
     <span class='ocr_line' id='line_1_22' title="bbox 1138 2008 1175 2046; baseline 0 0"><span class='ocrx_word' id='word_1_160' title='bbox 1138 2008 1175 2046; x_wconf 91' lang='grc'>1.</span> 
     </span>
     <span class='ocr_line' id='line_1_23' title="bbox 446 2070 2007 2125; baseline -0.008 -1"><span class='ocrx_word' id='word_1_161' title='bbox 446 2079 588 2124; x_wconf 81' lang='lat' dir='ltr'>Schol.</span> <span class='ocrx_word' id='word_1_162' title='bbox 620 2080 839 2122; x_wconf 74' lang='lat' dir='ltr'>Patmens.</span> <span class='ocrx_word' id='word_1_163' title='bbox 871 2079 996 2120; x_wconf 86' lang='lat' dir='ltr'>Dem.</span> <span class='ocrx_word' id='word_1_164' title='bbox 1032 2077 1086 2118; x_wconf 82' lang='lat' dir='ltr'>de</span> <span class='ocrx_word' id='word_1_165' title='bbox 1109 2091 1194 2118; x_wconf 79' lang='lat' dir='ltr'>cor.</span> <span class='ocrx_word' id='word_1_166' title='bbox 1219 2075 1304 2117; x_wconf 82' lang='lat'>242</span> <span class='ocrx_word' id='word_1_167' title='bbox 1327 2073 1392 2117; x_wconf 85' lang='lat' dir='ltr'>ed.</span> <span class='ocrx_word' id='word_1_168' title='bbox 1413 2073 1651 2118; x_wconf 73' lang='grc' dir='ltr'>Σακκελάον</span> <span class='ocrx_word' id='word_1_169' title='bbox 1672 2071 1799 2125; x_wconf 84' lang='lat' dir='ltr'><strong>(Bull.</strong></span> <span class='ocrx_word' id='word_1_170' title='bbox 1821 2070 1876 2112; x_wconf 80' lang='lat' dir='ltr'>de</span> <span class='ocrx_word' id='word_1_171' title='bbox 1897 2082 2007 2112; x_wconf 64' lang='lat' dir='ltr'>(sorr.</span> 
     </span>
     <span class='ocr_line' id='line_1_24' title="bbox 303 2140 2008 2207; baseline -0.005 -13"><span class='ocrx_word' id='word_1_172' title='bbox 303 2150 418 2194; x_wconf 77' lang='lat' dir='ltr'><strong>Bell.</strong></span> <span class='ocrx_word' id='word_1_173' title='bbox 452 2152 578 2204; x_wconf 77' lang='lat'>1877,</span> <span class='ocrx_word' id='word_1_174' title='bbox 611 2166 649 2207; x_wconf 91' lang='lat' dir='ltr'>p.</span> <span class='ocrx_word' id='word_1_175' title='bbox 685 2151 803 2204; x_wconf 80' lang='lat'>144):</span> <span class='ocrx_word' id='word_1_176' title='bbox 834 2148 1073 2194; x_wconf 78' lang='grc' dir='ltr'>κίναδος·</span> <span class='ocrx_word' id='word_1_177' title='bbox 1105 2146 1263 2204; x_wconf 59' lang='grc' dir='ltr'>,θηρίον</span> <span class='ocrx_word' id='word_1_178' title='bbox 1305 2146 1673 2202; x_wconf 78' lang='grc' dir='ltr'>κακουργότατον,</span> <span class='ocrx_word' id='word_1_179' title='bbox 1707 2142 1757 2187; x_wconf 78' lang='grc' dir='ltr'>οὗ</span> <span class='ocrx_word' id='word_1_180' title='bbox 1787 2144 1842 2186; x_wconf 91' lang='grc' dir='ltr'>τὸ</span> <span class='ocrx_word' id='word_1_181' title='bbox 1873 2140 2008 2199; x_wconf 81' lang='grc' dir='ltr'>δέρμα</span> 
     </span>
     <span class='ocr_line' id='line_1_25' title="bbox 302 2212 2007 2280; baseline -0.007 -12"><span class='ocrx_word' id='word_1_182' title='bbox 302 2225 365 2268; x_wconf 80' lang='grc' dir='ltr'>εἰς</span> <span class='ocrx_word' id='word_1_183' title='bbox 388 2223 735 2280; x_wconf 84' lang='grc' dir='ltr'>περικεφαλαίας</span> <span class='ocrx_word' id='word_1_184' title='bbox 762 2222 1016 2273; x_wconf 86' lang='grc' dir='ltr'>πεποίηται,</span> <span class='ocrx_word' id='word_1_185' title='bbox 1040 2220 1096 2263; x_wconf 83' lang='grc' dir='ltr'>ὥς</span> <span class='ocrx_word' id='word_1_186' title='bbox 1117 2226 1217 2277; x_wconf 85' lang='grc' dir='ltr'>φηςι</span> <span class='ocrx_word' id='word_1_187' title='bbox 1240 2215 1495 2261; x_wconf 87' lang='grc' dir='ltr'>Καλλίας</span> <span class='ocrx_word' id='word_1_188' title='bbox 1528 2218 1583 2259; x_wconf 86' lang='grc' dir='ltr'>ἐν</span> <span class='ocrx_word' id='word_1_189' title='bbox 1627 2212 2007 2259; x_wconf 84' lang='grc' dir='ltr'>Ἀταλάνταις.</span> 
     </span>
     <span class='ocr_line' id='line_1_26' title="bbox 300 2281 2007 2349; baseline -0.008 -9"><span class='ocrx_word' id='word_1_190' title='bbox 300 2290 532 2349; x_wconf 55' lang='grc' dir='ltr'>ὢνομάςᾶη</span> <span class='ocrx_word' id='word_1_191' title='bbox 567 2290 718 2343; x_wconf 85' lang='grc' dir='ltr'>&lt;δ’&gt;</span> <span class='ocrx_word' id='word_1_192' title='bbox 743 2292 880 2337; x_wconf 84' lang='grc' dir='ltr'>οὕτως</span> <span class='ocrx_word' id='word_1_193' title='bbox 911 2290 978 2336; x_wconf 85' lang='grc' dir='ltr'>διὰ</span> <span class='ocrx_word' id='word_1_194' title='bbox 1011 2292 1064 2335; x_wconf 89' lang='grc' dir='ltr'>τὸ</span> <span class='ocrx_word' id='word_1_195' title='bbox 1097 2289 1313 2341; x_wconf 84' lang='grc' dir='ltr'>εὐκίνητον</span> <span class='ocrx_word' id='word_1_196' title='bbox 1343 2288 1437 2332; x_wconf 88' lang='grc' dir='ltr'>ἴςως</span> <span class='ocrx_word' id='word_1_197' title='bbox 1468 2286 1493 2338; x_wconf 84' lang='grc' dir='ltr'>ἢ</span> <span class='ocrx_word' id='word_1_198' title='bbox 1522 2286 1822 2337; x_wconf 87' lang='grc' dir='ltr'>πολυκίνητον.</span> <span class='ocrx_word' id='word_1_199' title='bbox 1846 2307 1899 2314; x_wconf 95' lang='grc'>-</span> <span class='ocrx_word' id='word_1_200' title='bbox 1916 2281 2007 2325; x_wconf 80' lang='lat' dir='ltr'>Gfr.</span> 
     </span>
     <span class='ocr_line' id='line_1_27' title="bbox 304 2354 2005 2417; baseline -0.006 -9"><span class='ocrx_word' id='word_1_201' title='bbox 304 2362 449 2408; x_wconf 74' lang='lat' dir='ltr'>Schol.</span> <span class='ocrx_word' id='word_1_202' title='bbox 478 2362 660 2406; x_wconf 79' lang='lat' dir='ltr'>Theoer.</span> <span class='ocrx_word' id='word_1_203' title='bbox 693 2364 732 2417; x_wconf 78' lang='grc' dir='ltr'>ξ’),</span> <span class='ocrx_word' id='word_1_204' title='bbox 764 2364 837 2406; x_wconf 78' lang='lat'>25:</span> <span class='ocrx_word' id='word_1_205' title='bbox 870 2365 911 2407; x_wconf 92' lang='grc' dir='ltr'>οἱ</span> <span class='ocrx_word' id='word_1_206' title='bbox 940 2360 1254 2406; x_wconf 85' lang='grc' dir='ltr'>Σικελιῶται...</span> <span class='ocrx_word' id='word_1_207' title='bbox 1287 2359 1366 2411; x_wconf 84' lang='grc' dir='ltr'>τὴν</span> <span class='ocrx_word' id='word_1_208' title='bbox 1397 2359 1603 2402; x_wconf 82' lang='grc' dir='ltr'>ἀλώπεκα</span> <span class='ocrx_word' id='word_1_209' title='bbox 1634 2354 1803 2400; x_wconf 85' lang='grc' dir='ltr'>κίναδον</span> <span class='ocrx_word' id='word_1_210' title='bbox 1834 2371 2005 2411; x_wconf 90' lang='grc' dir='ltr'>προςα-</span> 
     </span>
     <span class='ocr_line' id='line_1_28' title="bbox 301 2425 2008 2494; baseline -0.007 -14"><span class='ocrx_word' id='word_1_211' title='bbox 301 2435 540 2494; x_wconf 73' lang='grc' dir='ltr'>γορεύονςι·</span> <span class='ocrx_word' id='word_1_212' title='bbox 572 2437 773 2479; x_wconf 88' lang='grc' dir='ltr'>τοιοῦτον</span> <span class='ocrx_word' id='word_1_213' title='bbox 802 2433 892 2490; x_wconf 78' lang='grc' dir='ltr'>γὰρ</span> <span class='ocrx_word' id='word_1_214' title='bbox 924 2435 978 2477; x_wconf 86' lang='grc' dir='ltr'>τὸ</span> <span class='ocrx_word' id='word_1_215' title='bbox 1012 2430 1120 2491; x_wconf 83' lang='grc' dir='ltr'>ζῷον</span> <span class='ocrx_word' id='word_1_216' title='bbox 1144 2433 1411 2487; x_wconf 79' lang='grc' dir='ltr'>πανοῦργον.</span> <span class='ocrx_word' id='word_1_217' title='bbox 1444 2426 1614 2473; x_wconf 83' lang='grc' dir='ltr'>κίναδος</span> <span class='ocrx_word' id='word_1_218' title='bbox 1645 2425 1693 2471; x_wconf 83' lang='grc' dir='ltr'>δὲ</span> <span class='ocrx_word' id='word_1_219' title='bbox 1722 2425 1849 2483; x_wconf 87' lang='grc' dir='ltr'>παρὰ</span> <span class='ocrx_word' id='word_1_220' title='bbox 1869 2427 1924 2469; x_wconf 88' lang='grc' dir='ltr'>τὸ</span> <span class='ocrx_word' id='word_1_221' title='bbox 1945 2442 2008 2468; x_wconf 90' lang='grc' dir='ltr'>κι-</span> 
     </span>
     <span class='ocr_line' id='line_1_29' title="bbox 308 2495 2008 2559; baseline -0.008 -8"><span class='ocrx_word' id='word_1_222' title='bbox 308 2502 472 2550; x_wconf 54' lang='grc' dir='ltr'>νεΐςθαι</span> <span class='ocrx_word' id='word_1_223' title='bbox 504 2507 550 2549; x_wconf 79' lang='grc' dir='ltr'>ἐν</span> <span class='ocrx_word' id='word_1_224' title='bbox 580 2502 695 2549; x_wconf 81' lang='grc' dir='ltr'>αἰδοῖ</span> <span class='ocrx_word' id='word_1_225' title='bbox 722 2503 747 2556; x_wconf 81' lang='grc' dir='ltr'>ἢ</span> <span class='ocrx_word' id='word_1_226' title='bbox 777 2503 969 2548; x_wconf 82' lang='grc' dir='ltr'>ἀναιδῶς·</span> <span class='ocrx_word' id='word_1_227' title='bbox 1002 2502 1028 2554; x_wconf 82' lang='grc' dir='ltr'>ἢ</span> <span class='ocrx_word' id='word_1_228' title='bbox 1058 2501 1184 2559; x_wconf 86' lang='grc' dir='ltr'>παρὰ</span> <span class='ocrx_word' id='word_1_229' title='bbox 1215 2502 1270 2544; x_wconf 89' lang='grc' dir='ltr'>τὸ</span> <span class='ocrx_word' id='word_1_230' title='bbox 1300 2497 1502 2544; x_wconf 59' lang='grc' dir='ltr'>κινεΐςθαι</span> <span class='ocrx_word' id='word_1_231' title='bbox 1535 2501 1580 2542; x_wconf 81' lang='grc' dir='ltr'>ἐν</span> <span class='ocrx_word' id='word_1_232' title='bbox 1610 2496 1736 2556; x_wconf 82' lang='grc' dir='ltr'>δόλῳ.</span> <span class='ocrx_word' id='word_1_233' title='bbox 1757 2521 1811 2527; x_wconf 88' lang='grc'>-</span> <span class='ocrx_word' id='word_1_234' title='bbox 1831 2495 1933 2537; x_wconf 80' lang='lat' dir='ltr'>Hes.</span> <span class='ocrx_word' id='word_1_235' title='bbox 1950 2518 2008 2524; x_wconf 96' lang='lat'><strong>—</strong></span> 
     </span>
     <span class='ocr_line' id='line_1_30' title="bbox 306 2573 1153 2631; baseline -0.005 -13"><span class='ocrx_word' id='word_1_236' title='bbox 306 2577 507 2619; x_wconf 77' lang='lat' dir='ltr'>Demoer.</span> <span class='ocrx_word' id='word_1_237' title='bbox 538 2573 653 2631; x_wconf 77' lang='lat' dir='ltr'>apud</span> <span class='ocrx_word' id='word_1_238' title='bbox 686 2573 805 2617; x_wconf 70' lang='lat' dir='ltr'>Stob.</span> <span class='ocrx_word' id='word_1_239' title='bbox 840 2573 951 2616; x_wconf 82' lang='lat' dir='ltr'>Flor.</span> <span class='ocrx_word' id='word_1_240' title='bbox 983 2574 1052 2615; x_wconf 85' lang='lat'>44.</span> <span class='ocrx_word' id='word_1_241' title='bbox 1087 2573 1153 2616; x_wconf 91' lang='grc'>18.</span> 
     </span>
     <span class='ocr_line' id='line_1_31' title="bbox 1138 2668 1176 2708; baseline 0 0"><span class='ocrx_word' id='word_1_242' title='bbox 1138 2668 1176 2708; x_wconf 83' lang='grc'>2.</span> 
     </span>
     <span class='ocr_line' id='line_1_32' title="bbox 664 2736 1566 2797; baseline -0.006 -13"><span class='ocrx_word' id='word_1_243' title='bbox 664 2754 688 2780; x_wconf 77' lang='lat' dir='ltr'><strong>a</strong></span> <span class='ocrx_word' id='word_1_244' title='bbox 720 2740 814 2784; x_wconf 72' lang='grc' dir='ltr'>ἴσως</span> <span class='ocrx_word' id='word_1_245' title='bbox 847 2737 1035 2797; x_wconf 84' lang='grc' dir='ltr'>ξυνῳδὸς</span> <span class='ocrx_word' id='word_1_246' title='bbox 1066 2742 1126 2796; x_wconf 82' lang='grc' dir='ltr'>τῷ</span> <span class='ocrx_word' id='word_1_247' title='bbox 1156 2739 1302 2797; x_wconf 83' lang='grc' dir='ltr'>χρόνῳ</span> <span class='ocrx_word' id='word_1_248' title='bbox 1331 2736 1566 2792; x_wconf 79' lang='grc' dir='ltr'>γενήςεται.</span> 
     </span>
     <span class='ocr_line' id='line_1_33' title="bbox 664 2874 1758 2938; baseline -0.006 -14"><span class='ocrx_word' id='word_1_249' title='bbox 664 2880 691 2923; x_wconf 93' lang='lat' dir='ltr'>b</span> <span class='ocrx_word' id='word_1_250' title='bbox 723 2883 801 2932; x_wconf 85' lang='grc' dir='ltr'>τῆς</span> <span class='ocrx_word' id='word_1_251' title='bbox 831 2878 882 2932; x_wconf 81' lang='grc' dir='ltr'>δὴ</span> <span class='ocrx_word' id='word_1_252' title='bbox 912 2879 1002 2936; x_wconf 78' lang='grc' dir='ltr'>γὰρ</span> <span class='ocrx_word' id='word_1_253' title='bbox 1034 2877 1212 2934; x_wconf 55' lang='grc' dir='ltr'>ἀγαθὸν</span> <span class='ocrx_word' id='word_1_254' title='bbox 1242 2881 1387 2938; x_wconf 83' lang='grc' dir='ltr'>χρῆμα</span> <span class='ocrx_word' id='word_1_255' title='bbox 1419 2877 1488 2921; x_wconf 81' lang='grc' dir='ltr'>καὶ</span> <span class='ocrx_word' id='word_1_256' title='bbox 1519 2874 1758 2935; x_wconf 81' lang='grc' dir='ltr'>ξυνῳδικόν.</span> 
     </span>
     <span class='ocr_line' id='line_1_34' title="bbox 451 2939 2004 3007; baseline -0.006 -13"><span class='ocrx_word' id='word_1_257' title='bbox 451 2952 558 2994; x_wconf 79' lang='lat' dir='ltr'>Lex.</span> <span class='ocrx_word' id='word_1_258' title='bbox 589 2951 772 2993; x_wconf 75' lang='lat' dir='ltr'>Messan.</span> <span class='ocrx_word' id='word_1_259' title='bbox 806 2950 890 2993; x_wconf 79' lang='lat'>281</span> <span class='ocrx_word' id='word_1_260' title='bbox 924 2964 953 2990; x_wconf 83' lang='lat' dir='ltr'><strong>v</strong></span> <span class='ocrx_word' id='word_1_261' title='bbox 988 2951 1060 2992; x_wconf 86' lang='lat'>11:</span> <span class='ocrx_word' id='word_1_262' title='bbox 1095 2946 1375 3007; x_wconf 80' lang='grc' dir='ltr'>ξυνῳδὸςςὺν</span> <span class='ocrx_word' id='word_1_263' title='bbox 1403 2951 1465 3007; x_wconf 80' lang='grc' dir='ltr'>τῷ</span> <span class='ocrx_word' id='word_1_264' title='bbox 1492 2957 1521 2991; x_wconf 80' lang='lat' dir='ltr'>t.</span> <span class='ocrx_word' id='word_1_265' title='bbox 1555 2944 1808 2991; x_wconf 81' lang='grc' dir='ltr'>Καλλίας</span> <span class='ocrx_word' id='word_1_266' title='bbox 1839 2939 2004 2992; x_wconf 81' lang='grc' dir='ltr'>Πεδή-</span> 
     </span>
     <span class='ocr_line' id='line_1_35' title="bbox 307 3011 1865 3075; baseline -0.008 -6"><span class='ocrx_word' id='word_1_267' title='bbox 307 3035 445 3069; x_wconf 87' lang='grc' dir='ltr'>ταις·</span> <span class='ocrx_word' id='word_1_268' title='bbox 481 3024 619 3073; x_wconf 68' lang='lat' dir='ltr'>‚teuc</span> <span class='ocrx_word' id='word_1_269' title='bbox 649 3020 758 3067; x_wconf 75' lang='grc' dir='ltr'>κτλ.’</span> <span class='ocrx_word' id='word_1_270' title='bbox 792 3046 848 3051; x_wconf 86' lang='lat'>-—</span> <span class='ocrx_word' id='word_1_271' title='bbox 881 3018 968 3062; x_wconf 85' lang='lat' dir='ltr'>Gfr.</span> <span class='ocrx_word' id='word_1_272' title='bbox 1002 3021 1076 3061; x_wconf 84' lang='lat' dir='ltr'>Ar.</span> <span class='ocrx_word' id='word_1_273' title='bbox 1109 3021 1186 3062; x_wconf 77' lang='lat' dir='ltr'>Av.</span> <span class='ocrx_word' id='word_1_274' title='bbox 1219 3019 1323 3061; x_wconf 74' lang='lat'>635:</span> <span class='ocrx_word' id='word_1_275' title='bbox 1356 3019 1447 3073; x_wconf 79' lang='grc' dir='ltr'>ἐμοὶ</span> <span class='ocrx_word' id='word_1_276' title='bbox 1478 3020 1653 3075; x_wconf 79' lang='grc' dir='ltr'>φρονῶν</span> <span class='ocrx_word' id='word_1_277' title='bbox 1686 3011 1865 3072; x_wconf 80' lang='grc' dir='ltr'>ξυνῳδά.</span> 
     </span>
    </p>
   </div>
  </div>
 </body>
</html>
