2280 3626
259 194 360 244 [885]
861 212 1182 240 mmmm-uu
1202 212 1383 241 comcma
1913 200 1968 243 81

1080 341 1150 382 21.

1000 422 1231 468 αἰκάλλειν.

406 505 529 550 Phot.
562 505 702 550 Berol.
733 506 803 557 50,
837 507 909 550 lb:
941 505 1173 551 αἰκάλλειν·
1207 507 1304 551 ἀντὶ
1332 510 1414 551 τοῦ
1445 508 1608 557 σαίνειν,
1632 508 1749 566 ὅπερ
1780 510 1823 553 οἱ
1850 509 1971 554 κύνες

260 582 470 624 ποιοῦσιν.
502 578 640 624 οὕτως
669 575 910 623 Πλάτων.
942 576 1108 634 Phryn.
1141 579 1210 632 36,
1245 579 1268 620 1
1292 577 1431 619 Borr.:
1462 577 1757 623 αἰκάλλοντες·
1787 580 1970 635 σημαίνει

259 651 317 696 τὸ
347 650 579 700 σαίνοντες,
611 650 730 707 ὅπερ
760 651 803 694 οἱ
831 649 953 694 κύνες
991 653 1198 693 ποιοῦσιν·
1231 651 1257 693 ὀ
1295 650 1442 705 μέντοι
1483 647 1718 707 Σοφοκλῆς
1742 648 1850 705 (OR.
1882 651 1968 693 597

257 728 302 765 et
332 720 387 764 fr.
420 721 507 765 928
539 720 618 777 ΝΒ)
649 721 718 765 καὶ
747 721 1030 779 προσσαίνειν.
1063 724 1159 780 χρῶ
1189 719 1276 776 οὖν,
1309 721 1440 777 εἰμὲν
1461 722 1710 779 φιλοτίμως,
1734 725 1796 780 τῷ
1816 720 1968 766 αἰκάλ-

258 795 361 843 λειν,
395 795 433 838 εἰ
462 790 511 837 δὲ
540 795 788 842 πολιτικῶς,
820 793 876 836 τὸ
906 792 1190 850 προσσαίνειν.
1228 790 1368 834 Bekk.
1400 793 1479 834 An.
1512 791 1612 848 358,
1644 792 1719 834 26:
1762 791 1967 837 αἰκάλλει·

257 865 399 915 σαίνει,
430 862 639 909 θωπεύει.
672 863 890 916 Quoniam
921 862 1078 907 §uidae
1110 877 1143 904 s.
1173 878 1214 904 v.
1261 862 1466 908 αἰκάλλει·
1499 864 1626 908 σαίνει
1669 862 1969 920 Aristophanis

257 949 436 979 versum
467 933 657 992 (Thesm.
691 935 794 978 869:
827 934 1020 979 αἰκάλλει
1051 933 1230 992 καρδίαν
1260 934 1377 991 ε’μήν)
1409 934 1547 988 affert,
1568 933 1640 976 hic
1660 948 1830 991 quoque
1851 933 1969 975 illius

256 1014 408 1064 poetae
438 1021 597 1048 nomen
631 1005 913 1048 scribendum
954 1020 1048 1048 esse
1090 1006 1339 1062 suspicatur
1367 1005 1587 1047 Leeuwen
1618 1005 1794 1061 (Mnem.
1826 1020 1867 1046 n.
1899 1005 1969 1061 35,

257 1078 374 1132 257).
405 1077 503 1120 Non
534 1077 664 1120 video
695 1078 908 1119 rationem
940 1077 1154 1119 idoneam.

1077 1185 1147 1227 22.

985 1267 1173 1327 ἁμάρτια
1185 1267 1239 1324 (Ῥ)

400 1351 524 1394 Phot.
554 1351 694 1395 Berol.
736 1352 804 1403 88,
849 1353 891 1394 7:
934 1350 1201 1410 ἁμαρτάδας·
1234 1349 1449 1412 Αἰσχύλος
1488 1352 1558 1395 καὶ
1598 1350 1786 1409 ἁμάρτια
1827 1349 1902 1396 Πλ
1913 1350 1965 1396 ά-

256 1442 372 1469 των.
406 1449 462 1455 -
496 1422 585 1466 Cfr.
616 1422 770 1467 Aesoh.
800 1422 883 1479 Ag.
914 1424 1019 1467 537:
1061 1422 1200 1468 διπλᾶ
1228 1421 1269 1467 τ’
1303 1424 1445 1468 ἔτισαν
1475 1421 1698 1480 Πριαμίδαι
1727 1420 1966 1480 θάμάρτια,

256 1494 335 1538 ubi
366 1493 501 1538 schol.
533 1494 738 1552 explieat:
771 1497 852 1540 τὸν
880 1493 1036 1552 μισθὸν
1065 1498 1145 1547 τῆς
1175 1495 1399 1552 ἁμαρτίας.
1433 1519 1490 1524 -
1521 1493 1642 1535 Pers.
1674 1494 1773 1536 676.

399 1565 555 1613 ἁμάρτια
580 1565 714 1612 Reitz]
741 1565 947 1612 ἀμάρτημον
970 1566 1001 1599 b.

1075 1638 1145 1679 23.

858 1719 1067 1779 ἀμβλώψ,
1101 1719 1355 1777 ἀμβλωπός.

400 1803 524 1847 Phot.
545 1803 688 1846 Berol.
711 1805 779 1853 89,
804 1805 876 1847 19:
909 1803 1167 1861 ἁμβλωπόσ·
1195 1801 1430 1862 Εὐριπιδης
1468 1800 1741 1862 Ἀνδρομήδᾳ·
1773 1801 1963 1860 ,ἀμβλω-

255 1877 347 1921 πὸς
378 1874 514 1935 ὄψισ’.
561 1876 631 1921 καὶ
661 1879 707 1921 ἐν
742 1874 889 1929 Θησεῖ·
922 1878 1075 1935 ,καύτῷ
1111 1873 1149 1920 δ’
1184 1876 1319 1920 ἔπεισι
1351 1877 1503 1920 νυκτὸς
1533 1873 1776 1931 ἀμβλωπὸν
1808 1872 1963 1919 ςε’λασ’.

255 1948 326 1993 καὶ
371 1946 618 2004 ἀμβλῶπασ
648 1951 674 1992 ὁ
706 1949 839 1992 αὐτὸς
869 1950 915 1992 ἐν
950 1945 1129 2007 Θυέστῃ·
1161 1945 1421 2003 ,ἀμβλῶπασ
1451 1945 1590 2002 αὐγὰς
1619 1944 1819 2002 ὀμμάτων
1850 1946 1964 2005 ἔχεις

254 2017 414 2065 σέθεν”.
446 2020 517 2064 καί
553 2017 640 2064 Ἴων
670 2020 740 2064 καί
769 2017 1004 2078 Σοφοκλῆς
1033 2019 1102 2064 καὶ
1133 2017 1209 2063 Πλ
1220 2018 1250 2063 ά
1258 2037 1329 2063 τω
1342 2037 1375 2062 ν.

399 2087 599 2135 ἀμβλῶπας
622 2090 740 2127 Roitz.
766 2091 847 2126 coll.
875 2088 989 2136 [Eun]
1014 2090 1125 2126 Rhes.
1152 2089 1239 2125 737:
1266 2086 1459 2134 ἀμβλῶπες
1484 2086 1604 2132 αὐγαί]
1631 2085 1831 2132 ἀμβλαητάσ
1855 2087 1886 2122 b.

1074 2186 1143 2227 24.

842 2268 1115 2328 ἀμφίδρομος
1145 2266 1370 2327 πορθμός.

400 2352 525 2396 Phot.
557 2351 695 2395 Berol.
729 2353 828 2406 100,
860 2353 904 2396 8:
936 2351 1211 2411 ἀμφίδρομος
1241 2349 1466 2409 πορθμός·
1489 2354 1514 2395 ὁ
1538 2347 1861 2409 ἀμφοτέρωθεν
1881 2350 1960 2407 ὄρ-

253 2442 335 2482 μον
366 2425 490 2485 ἔχων.
533 2424 670 2469 οὕτως
710 2422 950 2469 Πλάτων.
985 2449 1041 2455 --
1074 2422 1164 2466 Cfr.
1195 2421 1392 2466 Strabon.
1434 2422 1468 2476 I,
1512 2422 1568 2465 15
1610 2421 1660 2475 (Ι,
1702 2436 1741 2477 p.
1782 2420 1873 2477 23>2
1917 2423 1962 2465 ἐν

255 2499 350 2563 τοῖς
381 2495 493 2541 κατὰ
523 2497 604 2540 τὸν
633 2493 846 2553 πορθμὸν
875 2498 1036 2540 τόποις
1067 2493 1353 2553 ἀμφιδρόμοισ
1383 2493 1482 2539 οὖσι.

1073 2602 1142 2644 25.

765 2683 1063 2740 ἁνακαλπάζει
1094 2684 1182 2742 (vel
1214 2682 1456 2740 καλπάζει).

397 2767 520 2811 Phot.
551 2769 689 2812 Berol.
724 2770 820 2823 113,
856 2769 926 2811 16:
975 2765 1284 2822 ἀνακαλπάζει·
1314 2768 1427 2812 τινὲς
1470 2767 1547 2824 μὲν
1591 2768 1648 2811 ὡς
1693 2767 1744 2810 οὐ
1789 2763 1960 2820 δόκιμον

257 2839 543 2899 ἐφυλάξαντο
574 2840 654 2893 τὴν
684 2840 841 2898 φωνήν,
883 2838 1097 2900 Αἰσχύλος
1137 2838 1185 2884 δὲ
1227 2838 1444 2899 ἐχρήσατο
1488 2836 1650 2883 Μυσοῖς
1689 2839 1746 2881 ὡς
1776 2834 1958 2891 δόκιμον·

254 2911 375 2967 λέγει
406 2910 509 2969 ’γάρ’
544 2909 671 2961 ,εἶδον
701 2909 814 2965 (ἰδὼν
844 2910 998 2966 Reitz.)
1029 2907 1340 2963 καλπάζοντασ
1380 2912 1426 2954 ἐν
1456 2906 1654 2969 αἱχμαῑσ’.
1688 2910 1841 2963 ὀμοιωσ
1870 2903 1957 2949 Σο-

256 2984 439 3041 φοκλῆς,
486 2979 796 3040 Ἀριστοφάνης
815 2980 885 3037 (fr.
917 2981 974 3023 48
1003 2980 1062 3037 D)
1096 2982 1164 3025 καὶ
1195 2978 1424 3025 Πλάτων
1455 2980 1524 3024 καὶ
1554 2980 1709 3037 ἕτεροι.
1731 3002 1782 3008 -
1802 2976 1957 3018 Utram

253 3067 407 3096 vocem
439 3052 596 3095 Platon
629 3052 917 3109 usurpaverit,
949 3066 1034 3093 non
1066 3050 1212 3107 liquet.
